Product_ID,Product_Line,Product_Category,Product_Group,Product_Name,Supplier_Country,Supplier_Name,Supplier_ID,Customer_ID,Employee_ID,Street_ID,Order_Date,Delivery_Date,Order_ID,Order_Type,Product_ID,Quantity,Total_Retail_Price,CostPrice_Per_Unit,Sales,Quarter
210200100009,Children,Children Sports,"A-Team, Kids","Kids Sweat Round Neck,Large Logo",US,A Team Sports,3298,90,121028,9260111614,11/19/2007,11/19/2007,1243960910,1,210200100009,2,69.4,15.5,138.8,Qtr 4
210200100017,Children,Children Sports,"A-Team, Kids",Sweatshirt Children's O-Neck,US,A Team Sports,3298,49,121035,9260104510,11/26/2004,11/26/2004,1234198497,1,210200100017,1,39,17.35,39,Qtr 4
210200200022,Children,Children Sports,"Bathing Suits, Kids",Sunfit Slow Swimming Trunks,US,Nautlius SportsWear Inc,6153,79,99999999,9260101874,5/27/2005,6/3/2005,1235926178,3,210200200022,2,36,7.05,72,Qtr 2
210200200023,Children,Children Sports,"Bathing Suits, Kids",Sunfit Stockton Swimming Trunks Jr.,US,Nautlius SportsWear Inc,6153,52,121030,9260116235,12/12/2006,12/12/2006,1240886449,1,210200200023,1,19.8,8.25,19.8,Qtr 4
210200300006,Children,Children Sports,"Eclipse, Kid's Clothes",Fleece Cuff Pant Kid'S,US,Eclipse Inc,1303,90,121032,9260111614,5/3/2007,5/3/2007,1242149082,1,210200300006,1,14.3,7.7,14.3,Qtr 2
210200300007,Children,Children Sports,"Eclipse, Kid's Clothes",Hsc Dutch Player Shirt Junior,US,Eclipse Inc,1303,56,121027,9260111871,11/28/2005,11/28/2005,1237789102,1,210200300007,1,50.4,25.3,50.4,Qtr 4
210200300052,Children,Children Sports,"Eclipse, Kid's Clothes",Tony's Cut & Sew T-Shirt,US,Eclipse Inc,1303,34,121027,9260111379,8/12/2005,8/12/2005,1236701935,1,210200300052,2,43.8,11.05,87.6,Qtr 3
210200400020,Children,Children Sports,"Eclipse, Kid's Shoes",Kids Baby Edge Max Shoes,US,Eclipse Inc,1303,34,121030,9260111379,10/15/2004,10/15/2004,1233920786,1,210200400020,1,38,19.1,38,Qtr 4
210200400070,Children,Children Sports,"Eclipse, Kid's Shoes",Tony's Children's Deschutz (Bg) Shoes,US,Eclipse Inc,1303,34,121030,9260111379,10/15/2004,10/15/2004,1233920786,1,210200400070,1,41.6,20.9,41.6,Qtr 4
210200500002,Children,Children Sports,"Lucky Guy, Kids",Children's Mitten,US,AllSeasons Outdoor Clothing,772,53,99999999,1600103258,1/6/2007,1/9/2007,1241086052,3,210200500002,3,37.8,5.7,113.4,Qtr 1
210200500006,Children,Children Sports,"Lucky Guy, Kids","Rain Suit, Plain w/backpack Jacket",US,AllSeasons Outdoor Clothing,772,12,121030,9260103713,4/27/2006,4/27/2006,1239057268,1,210200500006,2,48,11.95,96,Qtr 2
210200500007,Children,Children Sports,"Lucky Guy, Kids",Bozeman Rain & Storm Set,US,AllSeasons Outdoor Clothing,772,63,121033,9260125492,10/26/2006,10/26/2006,1240509842,1,210200500007,1,39.4,17.8,39.4,Qtr 4
210200500016,Children,Children Sports,"Lucky Guy, Kids",Teen Profleece w/Zipper,US,AllSeasons Outdoor Clothing,772,5,121026,9260114570,9/9/2007,9/9/2007,1243315613,1,210200500016,1,52.5,22.25,52.5,Qtr 3
210200600056,Children,Children Sports,"N.D. Gear, Kids",Butch T-Shirt with V-Neck,ES,Luna sastreria S.A.,4742,41,120195,1600101527,7/19/2007,7/19/2007,1242838815,1,210200600056,1,50.4,22.75,50.4,Qtr 3
210200600067,Children,Children Sports,"N.D. Gear, Kids",Children's Knit Sweater,ES,Luna sastreria S.A.,4742,10,121032,9260129395,8/17/2007,8/17/2007,1243110343,1,210200600067,2,134,28.9,268,Qtr 3
210200600085,Children,Children Sports,"N.D. Gear, Kids",Gordon Children's Tracking Pants,ES,Luna sastreria S.A.,4742,75,121029,9260108068,7/9/2004,7/9/2004,1233270605,1,210200600085,2,75.2,17,150.4,Qtr 3
210200600112,Children,Children Sports,"N.D. Gear, Kids",O'my Children's T-Shirt with Logo,ES,Luna sastreria S.A.,4742,41,99999999,1600101527,4/19/2004,4/23/2004,1232723799,3,210200600112,1,21.8,9.25,21.8,Qtr 2
210200700016,Children,Children Sports,"Olssons, Kids",Strap Pants BBO,ES,Sportico,798,69,121029,9260116402,9/20/2007,9/20/2007,1243417726,1,210200700016,1,23.5,9.2,23.5,Qtr 3
210200900004,Children,Children Sports,"Osprey, Kids",Kid Basic Tracking Suit,US,Triple Sportswear Inc,3664,79,121027,9260101874,7/27/2003,7/27/2003,1231135703,1,210200900004,2,92,16.05,184,Qtr 3
210200900033,Children,Children Sports,"Osprey, Kids",Osprey France Nylon Shorts,US,Triple Sportswear Inc,3664,90,121032,9260111614,5/3/2007,5/3/2007,1242149082,1,210200900033,4,56.8,6.45,227.2,Qtr 2
210200900038,Children,Children Sports,"Osprey, Kids",Osprey Girl's Tights,US,Triple Sportswear Inc,3664,10,121032,9260129395,8/17/2007,8/17/2007,1243110343,1,210200900038,3,60.9,9.3,182.7,Qtr 3
210201000050,Children,Children Sports,Tracker Kid's Clothes,Kid Children's T-Shirt,US,3Top Sports,2963,79,121027,9260101874,7/27/2003,7/27/2003,1231135703,1,210201000050,2,39,8.95,78,Qtr 3
210201000067,Children,Children Sports,Tracker Kid's Clothes,Logo Coord.Children's Sweatshirt,US,3Top Sports,2963,10,121027,9260129395,7/18/2007,7/18/2007,1242836878,1,210201000067,2,60.6,13.5,121.2,Qtr 3
210201000126,Children,Children Sports,Tracker Kid's Clothes,Toddler Footwear Socks with Knobs,US,3Top Sports,2963,49,121031,9260104510,4/7/2004,4/15/2004,1232648239,1,210201000126,1,6.5,2.3,6.5,Qtr 2
210201000198,Children,Children Sports,Tracker Kid's Clothes,South Peak Junior Training Shoes,US,3Top Sports,2963,41,99999999,1600101527,6/15/2006,6/19/2006,1239442095,2,210201000198,2,120.2,26.8,240.4,Qtr 2
210201000199,Children,Children Sports,Tracker Kid's Clothes,Starlite Baby Shoes,US,3Top Sports,2963,215,120192,1600102721,11/5/2006,11/5/2006,1240581932,1,210201000199,3,124.2,18.85,372.6,Qtr 4
210201100004,Children,Children Sports,"Ypsilon, Kids",Ypsilon Children's Sweat w/Big Logo,FR,Ypsilon S.A.,14624,88,121033,9260100179,3/2/2006,3/2/2006,1238605995,1,210201100004,1,47.9,20.9,47.9,Qtr 1
220100100019,Clothes & Shoes,Clothes,Eclipse Clothing,Fit Racing Cap,US,Eclipse Inc,1303,171,120127,1600101555,5/21/2005,5/21/2005,1235856852,1,220100100019,1,27.7,13.95,27.7,Qtr 2
220100100025,Clothes & Shoes,Clothes,Eclipse Clothing,Knit Hat,US,Eclipse Inc,1303,29,99999999,1600103020,4/17/2006,4/21/2006,1238968334,2,220100100025,1,17.4,8.8,17.4,Qtr 2
220100100044,Clothes & Shoes,Clothes,Eclipse Clothing,Sports glasses Satin Alumin.,US,Eclipse Inc,1303,14703,99999999,4750100002,5/8/2003,5/11/2003,1230699509,2,220100100044,1,102.1,48.65,102.1,Qtr 2
220100100101,Clothes & Shoes,Clothes,Eclipse Clothing,Big Guy Men's Chaser Poplin Pants,US,Eclipse Inc,1303,19873,99999999,4750100001,10/27/2004,11/3/2004,1233998114,2,220100100101,1,59.7,29.95,59.7,Qtr 4
220100100105,Clothes & Shoes,Clothes,Eclipse Clothing,Big Guy Men's Clima Fit Jacket,US,Eclipse Inc,1303,12,121043,9260103713,2/5/2007,2/5/2007,1241359997,1,220100100105,1,117.6,58.9,117.6,Qtr 1
220100100125,Clothes & Shoes,Clothes,Eclipse Clothing,Big Guy Men's Dri Fit Singlet,US,Eclipse Inc,1303,49,121037,9260104510,3/20/2004,3/20/2004,1232530393,1,220100100125,1,33.4,16.8,33.4,Qtr 1
220100100153,Clothes & Shoes,Clothes,Eclipse Clothing,Big Guy Men's Fresh Soft Nylon Pants,US,Eclipse Inc,1303,52,121044,9260116235,9/25/2003,9/30/2003,1231468750,1,220100100153,1,50,25.1,50,Qtr 3
220100100185,Clothes & Shoes,Clothes,Eclipse Clothing,Big Guy Men's Micro Fiber Full Zip Jacket,US,Eclipse Inc,1303,53,120127,1600103258,3/16/2006,3/16/2006,1238712056,1,220100100185,1,97.6,48.9,97.6,Qtr 1
220100100189,Clothes & Shoes,Clothes,Eclipse Clothing,Big Guy Men's Micro Fibre Jacket,US,Eclipse Inc,1303,171,120127,1600101555,5/13/2007,5/13/2007,1242229985,1,220100100189,2,189.4,47.45,378.8,Qtr 2
220100100192,Clothes & Shoes,Clothes,Eclipse Clothing,Big Guy Men's Micro Fibre Shorts XXL,US,Eclipse Inc,1303,52,121040,9260116235,5/14/2006,5/14/2006,1239194032,1,220100100192,1,27.4,13.8,27.4,Qtr 2
220100100197,Clothes & Shoes,Clothes,Eclipse Clothing,Big Guy Men's Mid Layer Jacket,US,Eclipse Inc,1303,34,121040,9260111379,1/23/2004,1/23/2004,1232161564,1,220100100197,1,101.3,50.75,101.3,Qtr 1
220100100235,Clothes & Shoes,Clothes,Eclipse Clothing,Big Guy Men's Running Shorts Dri.Fit,US,Eclipse Inc,1303,10,121040,9260129395,3/13/2007,3/19/2007,1241686210,1,220100100235,1,32.6,16.4,32.6,Qtr 1
220100100241,Clothes & Shoes,Clothes,Eclipse Clothing,Big Guy Men's Santos Shorts Dri Fit,US,Eclipse Inc,1303,89,121043,9260116551,3/24/2005,3/24/2005,1235275513,1,220100100241,1,29.7,14.95,29.7,Qtr 1
220100100272,Clothes & Shoes,Clothes,Eclipse Clothing,Big Guy Men's T-Shirt,US,Eclipse Inc,1303,12,121039,9260103713,5/18/2003,5/18/2003,1230754828,1,220100100272,3,68.4,11.5,205.2,Qtr 2
220100100273,Clothes & Shoes,Clothes,Eclipse Clothing,Big Guy Men's T-Shirt Dri Fit,US,Eclipse Inc,1303,52,121037,9260116235,6/2/2006,6/2/2006,1239346133,1,220100100273,3,116.4,19.5,349.2,Qtr 2
220100100298,Clothes & Shoes,Clothes,Eclipse Clothing,Big Guy Men's Twill Pants Golf,US,Eclipse Inc,1303,111,99999999,1600102072,12/22/2003,12/24/2003,1231952752,2,220100100298,2,105.8,26.55,211.6,Qtr 4
220100100304,Clothes & Shoes,Clothes,Eclipse Clothing,Big Guy Men's Victory Peach Poplin Pants,US,Eclipse Inc,1303,171,99999999,1600101555,1/29/2005,2/2/2005,1234709803,3,220100100304,2,122.6,30.75,245.2,Qtr 1
220100100309,Clothes & Shoes,Clothes,Eclipse Clothing,Big Guy Men's Woven Warm Up,US,Eclipse Inc,1303,14703,99999999,4750100002,3/28/2006,3/31/2006,1238812262,2,220100100309,1,96.3,48.25,96.3,Qtr 1
220100100354,Clothes & Shoes,Clothes,Eclipse Clothing,Insu F.I.T Basic,US,Eclipse Inc,1303,41,120128,1600101527,11/2/2007,11/2/2007,1243799681,1,220100100354,1,17,8.45,17,Qtr 4
220100100371,Clothes & Shoes,Clothes,Eclipse Clothing,Northern Fleece Scarf,US,Eclipse Inc,1303,111,99999999,1600102072,10/12/2004,10/14/2004,1233895201,2,220100100371,1,25.6,12.9,25.6,Qtr 4
220100100410,Clothes & Shoes,Clothes,Eclipse Clothing,Toto Tube Socks,US,Eclipse Inc,1303,90,121037,9260111614,6/28/2007,6/28/2007,1242657273,1,220100100410,3,33.6,5.7,100.8,Qtr 2
220100100421,Clothes & Shoes,Clothes,Eclipse Clothing,Trois-fit Running Qtr Socks (Non-Cush),US,Eclipse Inc,1303,70187,99999999,2600100035,11/23/2007,11/28/2007,1243992813,2,220100100421,1,8.2,4.15,8.2,Qtr 4
220100100513,Clothes & Shoes,Clothes,Eclipse Clothing,Woman's Deception Dress,US,Eclipse Inc,1303,49,121037,9260104510,3/20/2004,3/20/2004,1232530393,1,220100100513,1,63.9,32.05,63.9,Qtr 1
220100100516,Clothes & Shoes,Clothes,Eclipse Clothing,Woman's Dri Fit Airborne Top,US,Eclipse Inc,1303,14104,99999999,4750100001,12/3/2007,12/6/2007,1244086685,3,220100100516,2,80.4,20.2,160.8,Qtr 4
220100100523,Clothes & Shoes,Clothes,Eclipse Clothing,Woman's Dri-Fit Scoop Neck Bra,US,Eclipse Inc,1303,18,121042,9260112361,2/16/2007,2/17/2007,1241461856,1,220100100523,1,29.4,14.8,29.4,Qtr 1
220100100530,Clothes & Shoes,Clothes,Eclipse Clothing,Woman's Emblished Work-Out Pants,US,Eclipse Inc,1303,52,121042,9260116235,2/9/2006,2/9/2006,1238440880,1,220100100530,1,52.2,26.2,52.2,Qtr 1
220100100536,Clothes & Shoes,Clothes,Eclipse Clothing,Woman's Foxhole Jacket,US,Eclipse Inc,1303,195,120127,1600101663,6/12/2006,6/12/2006,1239418524,1,220100100536,2,408.8,102.3,817.6,Qtr 2
220100100553,Clothes & Shoes,Clothes,Eclipse Clothing,Woman's Short Top Dri Fit,US,Eclipse Inc,1303,29,99999999,1600103020,10/19/2006,10/23/2006,1240446608,2,220100100553,1,35,17.6,35,Qtr 4
220100100568,Clothes & Shoes,Clothes,Eclipse Clothing,Woman's Micro Fibre Anorak,US,Eclipse Inc,1303,17,121037,9260123306,11/16/2003,11/16/2003,1231757107,1,220100100568,1,84.1,42.15,84.1,Qtr 4
220100100581,Clothes & Shoes,Clothes,Eclipse Clothing,Woman's Out & Sew Airborn Top,US,Eclipse Inc,1303,88,121039,9260100179,1/17/2006,1/17/2006,1238255107,1,220100100581,1,38.7,19.45,38.7,Qtr 1
220100100592,Clothes & Shoes,Clothes,Eclipse Clothing,Woman's Short Tights,US,Eclipse Inc,1303,52,121044,9260116235,12/14/2006,12/14/2006,1240903120,1,220100100592,2,62.2,15.65,124.4,Qtr 4
220100100609,Clothes & Shoes,Clothes,Eclipse Clothing,Woman's Sweatshirt w/Hood,US,Eclipse Inc,1303,70059,99999999,2600100047,7/11/2004,7/15/2004,1233280857,3,220100100609,3,173.7,29.05,521.1,Qtr 3
220100100617,Clothes & Shoes,Clothes,Eclipse Clothing,Woman's T-Shirt w/Hood,US,Eclipse Inc,1303,10,121043,9260129395,10/13/2005,10/13/2005,1237327705,1,220100100617,1,37.3,18.75,37.3,Qtr 4
220100100629,Clothes & Shoes,Clothes,Eclipse Clothing,Woman's Winter Tights,US,Eclipse Inc,1303,52,121044,9260116235,12/14/2006,12/14/2006,1240903120,1,220100100629,4,213.2,26.75,852.8,Qtr 4
220100100631,Clothes & Shoes,Clothes,Eclipse Clothing,Woman's Work Out Pants Dri Fit,US,Eclipse Inc,1303,14104,99999999,4750100001,12/3/2007,12/6/2007,1244086685,3,220100100631,2,114.2,28.65,228.4,Qtr 4
220100100635,Clothes & Shoes,Clothes,Eclipse Clothing,Woman's Woven Warm Up,US,Eclipse Inc,1303,90,121040,9260111614,6/27/2006,6/27/2006,1239543223,1,220100100635,2,172.8,43.3,345.6,Qtr 2
220100200004,Clothes & Shoes,Clothes,Green Tomato,Green Lime Atletic Socks,US,Green Lime Sports Inc,18139,49,121039,9260104510,1/13/2004,1/13/2004,1232092527,1,220100200004,1,6.5,2.6,6.5,Qtr 1
220100300001,Clothes & Shoes,Clothes,Knitwear,Fleece Jacket Compass,US,AllSeasons Outdoor Clothing,772,53,99999999,1600103258,8/11/2007,8/14/2007,1243049938,3,220100300001,2,180.4,38.3,360.8,Qtr 3
220100300008,Clothes & Shoes,Clothes,Knitwear,Dp Roller High-necked Knit,US,Mayday Inc,4646,111,120127,1600102072,12/18/2003,12/18/2003,1231930216,1,220100300008,4,342.8,34.35,1371.2,Qtr 4
220100300019,Clothes & Shoes,Clothes,Knitwear,Instyle Pullover Mid w/Small Zipper,US,AllSeasons Outdoor Clothing,772,49,121037,9260104510,3/20/2004,3/20/2004,1232530393,1,220100300019,1,35.6,16.7,35.6,Qtr 1
220100300020,Clothes & Shoes,Clothes,Knitwear,Instyle T-Shirt,US,AllSeasons Outdoor Clothing,772,10,121036,9260129395,10/20/2006,10/20/2006,1240461993,1,220100300020,1,11.3,4.55,11.3,Qtr 4
220100300025,Clothes & Shoes,Clothes,Knitwear,Lucky Knitwear Wool Sweater,US,AllSeasons Outdoor Clothing,772,20,121039,9260118934,2/15/2004,2/15/2004,1232311932,1,220100300025,2,206,42.4,412,Qtr 1
220100300037,Clothes & Shoes,Clothes,Knitwear,Mayday Resque Fleece Pullover,US,Mayday Inc,4646,10,121040,9260129395,4/18/2007,4/18/2007,1242012259,1,220100300037,2,231.6,48.7,463.2,Qtr 2
220100300042,Clothes & Shoes,Clothes,Knitwear,Truls Polar Fleece Cardigan,NO,Truls Sporting Goods,12869,52,121037,9260116235,6/2/2006,6/2/2006,1239346133,1,220100300042,1,208.6,84.35,208.6,Qtr 2
220100400005,Clothes & Shoes,Clothes,LSF,Big Guy Men's Air Force 1 Sc,US,Eclipse Inc,1303,14703,99999999,4750100002,5/8/2003,5/11/2003,1230699509,2,220100400005,1,81.3,40.75,81.3,Qtr 2
220100400022,Clothes & Shoes,Clothes,LSF,Ultra M803 Ng Men's Street Shoes,US,Ultra Sporting Goods Inc,5503,19873,99999999,4750100001,10/27/2004,11/3/2004,1233998114,2,220100400022,1,98.9,47.7,98.9,Qtr 4
220100400023,Clothes & Shoes,Clothes,LSF,Ultra W802 All Terrain Women's Shoes,US,Ultra Sporting Goods Inc,5503,49,121042,9260104510,12/3/2004,12/3/2004,1234247283,1,220100400023,2,187.2,40.75,374.4,Qtr 4
220100700002,Clothes & Shoes,Clothes,Orion,Dmx 10 Women's Aerobic Shoes,CA,Fuller Trading Co.,16733,53,120127,1600103258,3/16/2006,3/16/2006,1238712056,1,220100700002,1,186.8,89.1,186.8,Qtr 1
220100700022,Clothes & Shoes,Clothes,Orion,Alexis Women's Classic Shoes,CA,Fuller Trading Co.,16733,92,121039,9260117676,11/1/2004,11/1/2004,1234033037,1,220100700022,1,53.7,22.75,53.7,Qtr 4
220100700023,Clothes & Shoes,Clothes,Orion,Armadillo Road Dmx Men's Running Shoes,CA,Fuller Trading Co.,16733,171,120130,1600101555,6/18/2007,6/18/2007,1242559569,1,220100700023,1,73.99,44.25,73.99,Qtr 2
220100700024,Clothes & Shoes,Clothes,Orion,Armadillo Road Dmx Women's Running Shoes,CA,Fuller Trading Co.,16733,19444,99999999,4750100001,5/16/2003,5/21/2003,1230744524,2,220100700024,1,99.7,47.45,99.7,Qtr 2
220100700027,Clothes & Shoes,Clothes,Orion,Duration Women's Trainer Aerobic Shoes,CA,Fuller Trading Co.,16733,29,99999999,1600103020,12/9/2005,12/14/2005,1237894107,2,220100700027,2,119,29.85,238,Qtr 4
220100700042,Clothes & Shoes,Clothes,Orion,"Power Women's Dmx Wide, Walking Shoes",CA,Fuller Trading Co.,16733,19444,99999999,4750100001,7/6/2004,7/11/2004,1233248920,2,220100700042,2,171.2,36.35,342.4,Qtr 3
220100700046,Clothes & Shoes,Clothes,Orion,Tcp 6 Men's Running Shoes,CA,Fuller Trading Co.,16733,29,99999999,1600103020,10/19/2006,10/23/2006,1240446608,2,220100700046,2,305.8,72.9,611.6,Qtr 4
220100700052,Clothes & Shoes,Clothes,Orion,Trooper Ii Dmx-2x Men's Walking Shoes,CA,Fuller Trading Co.,16733,88,121043,9260100179,10/1/2003,10/1/2003,1231501254,1,220100700052,1,106.1,50.5,106.1,Qtr 4
220100800001,Clothes & Shoes,Clothes,Orion Clothing,Bra Top Wom.Fitn.Cl,CA,Fuller Trading Co.,16733,171,99999999,1600101555,10/26/2005,10/30/2005,1237450174,3,220100800001,2,77.2,18.35,154.4,Qtr 4
220100800009,Clothes & Shoes,Clothes,Orion Clothing,Peacock Pants,CA,Fuller Trading Co.,16733,10,121036,9260129395,10/20/2006,10/20/2006,1240461993,1,220100800009,1,52.5,24.95,52.5,Qtr 4
220100800040,Clothes & Shoes,Clothes,Orion Clothing,Mick's Men's Cl.Tracksuit,CA,Fuller Trading Co.,16733,88,121036,9260100179,6/11/2006,6/11/2006,1239416627,1,220100800040,2,248.2,59.05,496.4,Qtr 2
220100800071,Clothes & Shoes,Clothes,Orion Clothing,Tx Tribe Tank Top,CA,Fuller Trading Co.,16733,29,99999999,1600103020,6/11/2006,6/15/2006,1239410348,2,220100800071,1,32.8,15.7,32.8,Qtr 2
220100800096,Clothes & Shoes,Clothes,Orion Clothing,Zx Women's Dance Pants,CA,Fuller Trading Co.,16733,41,120128,1600101527,11/2/2007,11/2/2007,1243799681,1,220100800096,3,222.3,35.3,666.9,Qtr 4
220100900006,Clothes & Shoes,Clothes,Osprey,Osprey Cabri Micro Suit,US,Triple Sportswear Inc,3664,49,121039,9260104510,1/13/2004,1/13/2004,1232092527,1,220100900006,1,88.4,35.45,88.4,Qtr 1
220100900029,Clothes & Shoes,Clothes,Osprey,Osprey Men's King T-Shirt w/Small Logo,US,Triple Sportswear Inc,3664,111,99999999,1600102072,8/6/2003,8/8/2003,1231188317,2,220100900029,1,30.8,12.35,30.8,Qtr 3
220100900035,Clothes & Shoes,Clothes,Osprey,Osprey Shadow Indoor,US,Triple Sportswear Inc,3664,88,121040,9260100179,7/16/2006,7/16/2006,1239693951,1,220100900035,2,83.6,19.45,167.2,Qtr 3
220101000002,Clothes & Shoes,Clothes,Shorts,Carribian Women's Jersey Shorts,US,A Team Sports,3298,19444,99999999,4750100001,5/16/2003,5/21/2003,1230744524,2,220101000002,1,17.7,8,17.7,Qtr 2
220101200006,Clothes & Shoes,Clothes,Street Wear,Anthony Bork Maggan 3/4 Long Pique,US,Mayday Inc,4646,19444,99999999,4750100001,10/1/2003,10/6/2003,1231500373,2,220101200006,1,52.2,20.95,52.2,Qtr 4
220101200020,Clothes & Shoes,Clothes,Street Wear,Tyfoon Flex Shorts,AU,Typhoon Clothing,11427,70108,99999999,2600100046,10/22/2003,10/23/2003,1231614059,2,220101200020,1,55.9,24.2,55.9,Qtr 4
220101200025,Clothes & Shoes,Clothes,Street Wear,Tyfoon Ketch T-Shirt,AU,Typhoon Clothing,11427,49,121040,9260104510,5/26/2005,5/26/2005,1235913793,1,220101200025,1,26.7,11.6,26.7,Qtr 2
220101200029,Clothes & Shoes,Clothes,Street Wear,Tyfoon Oliver Sweatshirt,AU,Typhoon Clothing,11427,171,99999999,1600101555,7/3/2003,7/6/2003,1231002241,3,220101200029,1,52.3,22.65,52.3,Qtr 3
220101300001,Clothes & Shoes,Clothes,T-Shirts,"T-Shirt, Short-sleeved, Big Logo",US,A Team Sports,3298,111,120127,1600102072,1/30/2006,1/30/2006,1238353296,1,220101300001,2,67.2,14.95,134.4,Qtr 1
220101300012,Clothes & Shoes,Clothes,T-Shirts,Men's T-Shirt Small Logo,US,A Team Sports,3298,90,121040,9260111614,6/27/2006,6/27/2006,1239543223,1,220101300012,2,38.6,8.75,77.2,Qtr 2
220101300017,Clothes & Shoes,Clothes,T-Shirts,Toncot Beefy-T Emb T-Shirt,US,A Team Sports,3298,63,121039,9260125492,1/11/2003,1/11/2003,1230058123,1,220101300017,1,16.5,7.45,16.5,Qtr 1
220101400004,Clothes & Shoes,Clothes,Tracker Clothes,Badminton Cotton,US,3Top Sports,2963,60,121036,9260101262,7/25/2006,7/25/2006,1239765451,1,220101400004,2,211.4,48.15,422.8,Qtr 3
220101400017,Clothes & Shoes,Clothes,Tracker Clothes,Men's Cap,US,3Top Sports,2963,111,120127,1600102072,12/19/2003,12/19/2003,1231936241,1,220101400017,2,22.2,5,44.4,Qtr 4
220101400018,Clothes & Shoes,Clothes,Tracker Clothes,Men's Running Tee Short Sleeves,US,3Top Sports,2963,14703,99999999,4750100002,11/19/2003,11/22/2003,1231773634,2,220101400018,2,45.6,10.45,91.2,Qtr 4
220101400032,Clothes & Shoes,Clothes,Tracker Clothes,Socks Wmns'Fitness,US,Eclipse Inc,1303,10,121040,9260129395,4/18/2007,4/18/2007,1242012259,1,220101400032,2,19.2,4.85,38.4,Qtr 2
220101400047,Clothes & Shoes,Clothes,Tracker Clothes,Swimming Trunks Struc,US,3Top Sports,2963,12,121042,9260103713,8/8/2006,8/8/2006,1239874523,1,220101400047,2,48.4,11.1,96.8,Qtr 3
220101400060,Clothes & Shoes,Clothes,Tracker Clothes,2bwet 3 Cb Swimming Trunks,US,3Top Sports,2963,12,121037,9260103713,8/24/2003,8/24/2003,1231292064,1,220101400060,3,96.3,14.7,288.9,Qtr 3
220101400061,Clothes & Shoes,Clothes,Tracker Clothes,2bwet 3 Solid Bikini,US,3Top Sports,2963,111,99999999,1600102072,5/22/2004,5/24/2004,1232946301,2,220101400061,2,102,23.3,204,Qtr 2
220101400088,Clothes & Shoes,Clothes,Tracker Clothes,Casual Genuine Polo-Shirt,US,3Top Sports,2963,171,120127,1600101555,2/28/2007,2/28/2007,1241561055,1,220101400088,5,192,17.5,960,Qtr 1
220101400091,Clothes & Shoes,Clothes,Tracker Clothes,Casual Genuine Tee,US,3Top Sports,2963,71,121043,9260124130,12/10/2003,12/10/2003,1231891098,1,220101400091,2,65.6,15,131.2,Qtr 4
220101400092,Clothes & Shoes,Clothes,Tracker Clothes,Casual Logo Men's Sweatshirt,US,3Top Sports,2963,183,120127,1600100760,6/6/2005,6/6/2005,1236017640,1,220101400092,1,57.7,25.7,57.7,Qtr 2
220101400098,Clothes & Shoes,Clothes,Tracker Clothes,Casual Sport Shorts,US,3Top Sports,2963,56,121043,9260111871,6/11/2003,6/11/2003,1230885738,1,220101400098,3,97.2,14.85,291.6,Qtr 2
220101400117,Clothes & Shoes,Clothes,Tracker Clothes,Casual.st.polo Long-sleeved Polo-shirt,US,3Top Sports,2963,12,121037,9260103713,8/24/2003,8/24/2003,1231292064,1,220101400117,2,91.2,20.85,182.4,Qtr 3
220101400130,Clothes & Shoes,Clothes,Tracker Clothes,Comp. Women's Sleeveless Polo,US,3Top Sports,2963,5,121040,9260114570,12/26/2007,12/26/2007,1244296274,1,220101400130,2,33.8,5.7,67.6,Qtr 4
220101400138,Clothes & Shoes,Clothes,Tracker Clothes,Dima 2-Layer Men's Suit,US,3Top Sports,2963,111,120127,1600102072,1/30/2006,1/30/2006,1238353296,1,220101400138,3,140.1,23.45,420.3,Qtr 1
220101400145,Clothes & Shoes,Clothes,Tracker Clothes,Essence.baseball Cap,US,3Top Sports,2963,4,121041,9260106519,4/16/2004,4/16/2004,1232709099,1,220101400145,1,16.7,7.75,16.7,Qtr 2
220101400148,Clothes & Shoes,Clothes,Tracker Clothes,Essence.cap Men's Bag,US,3Top Sports,2963,60,121036,9260101262,7/25/2006,7/25/2006,1239765451,1,220101400148,2,21,4.75,42,Qtr 3
220101400150,Clothes & Shoes,Clothes,Tracker Clothes,Essential Suit 2 Swim Suit,US,3Top Sports,2963,49,121039,9260104510,1/13/2004,1/13/2004,1232092527,1,220101400150,1,28.2,12.9,28.2,Qtr 1
220101400152,Clothes & Shoes,Clothes,Tracker Clothes,Essential Trunk 2 Swimming Trunks,US,3Top Sports,2963,171,120127,1600101555,5/21/2005,5/21/2005,1235856852,1,220101400152,1,13.1,5.9,13.1,Qtr 2
220101400201,Clothes & Shoes,Clothes,Tracker Clothes,Kaitum Women's Swim Suit,US,3Top Sports,2963,10,121044,9260129395,3/12/2006,3/12/2006,1238686430,1,220101400201,1,40.6,18.05,40.6,Qtr 1
220101400216,Clothes & Shoes,Clothes,Tracker Clothes,Mm Daypouch Shoulder Bag,US,3Top Sports,2963,14104,99999999,4750100001,6/6/2004,6/9/2004,1233049735,3,220101400216,2,48.8,11.2,97.6,Qtr 2
220101400237,Clothes & Shoes,Clothes,Tracker Clothes,Mns.jacket Jacket,US,3Top Sports,2963,53,99999999,1600103258,8/21/2006,8/23/2006,1239972644,2,220101400237,1,102.9,46.9,102.9,Qtr 3
220101400238,Clothes & Shoes,Clothes,Tracker Clothes,Mns.long Tights,US,3Top Sports,2963,111,99999999,1600102072,10/12/2004,10/14/2004,1233895201,2,220101400238,2,113.8,25.95,227.6,Qtr 4
220101400265,Clothes & Shoes,Clothes,Tracker Clothes,Ottis Pes Men's Pants,US,3Top Sports,2963,5,121041,9260114570,12/8/2005,12/8/2005,1237890730,1,220101400265,2,74.2,16.55,148.4,Qtr 4
220101400269,Clothes & Shoes,Clothes,Tracker Clothes,Outfit Women's Shirt,US,3Top Sports,2963,12,121039,9260103713,5/18/2003,5/18/2003,1230754828,1,220101400269,4,268,29.8,1072,Qtr 2
220101400276,Clothes & Shoes,Clothes,Tracker Clothes,Pine Sweat with Hood,US,3Top Sports,2963,5,121037,9260114570,12/22/2003,12/22/2003,1231956902,1,220101400276,2,136.8,31.2,273.6,Qtr 4
220101400285,Clothes & Shoes,Clothes,Tracker Clothes,Quali Jacket with Hood,US,3Top Sports,2963,89,121039,9260116551,3/27/2006,3/27/2006,1238805703,1,220101400285,1,59.4,27.05,59.4,Qtr 1
220101400289,Clothes & Shoes,Clothes,Tracker Clothes,Quali Sweatpant,US,3Top Sports,2963,183,120127,1600100760,12/12/2003,12/12/2003,1231898348,1,220101400289,4,240.8,27.4,963.2,Qtr 4
220101400290,Clothes & Shoes,Clothes,Tracker Clothes,Quali Sweatshirt,US,3Top Sports,2963,29,99999999,1600103020,10/24/2006,10/28/2006,1240485814,2,220101400290,1,74.8,34.1,74.8,Qtr 4
220101400306,Clothes & Shoes,Clothes,Tracker Clothes,Sherpa Pes Shiny Cotton,US,3Top Sports,2963,20,121040,9260118934,8/13/2003,8/13/2003,1231231220,1,220101400306,2,145.2,33.1,290.4,Qtr 3
220101400310,Clothes & Shoes,Clothes,Tracker Clothes,Short Women's Tights,US,3Top Sports,2963,12386,99999999,4750100001,4/2/2003,4/3/2003,1230503155,2,220101400310,1,31.8,14.2,31.8,Qtr 2
220101400328,Clothes & Shoes,Clothes,Tracker Clothes,Stars Swim Suit,US,3Top Sports,2963,171,120127,1600101555,11/4/2007,11/4/2007,1243817278,1,220101400328,1,19,8.85,19,Qtr 4
220101400339,Clothes & Shoes,Clothes,Tracker Clothes,Tims Shorts,US,3Top Sports,2963,10,121039,9260129395,9/18/2006,9/18/2006,1240201886,1,220101400339,1,32.3,14.75,32.3,Qtr 3
220101400349,Clothes & Shoes,Clothes,Tracker Clothes,Tracker Fitness Stockings,US,3Top Sports,2963,171,99999999,1600101555,10/26/2005,10/30/2005,1237450174,3,220101400349,1,11.9,4.8,11.9,Qtr 4
220101400363,Clothes & Shoes,Clothes,Tracker Clothes,Brafit Swim Tights,ES,Luna sastreria S.A.,4742,89,121042,9260116551,4/9/2006,4/9/2006,1238910092,1,220101400363,2,78,16.95,156,Qtr 2
220101400373,Clothes & Shoes,Clothes,Tracker Clothes,Jogging Pants  Men's Tracking Pants w/Small L,GB,Greenline Sports Ltd,14682,14703,99999999,4750100002,3/28/2006,3/31/2006,1238812262,2,220101400373,1,51.8,23.65,51.8,Qtr 1
220101400385,Clothes & Shoes,Clothes,Tracker Clothes,N.d.gear Basic T-Shirt,GB,Greenline Sports Ltd,14682,14703,99999999,4750100002,10/9/2003,10/12/2003,1231544990,2,220101400385,1,24.8,12.35,24.8,Qtr 4
220101400387,Clothes & Shoes,Clothes,Tracker Clothes,N.d.gear Cap,GB,Greenline Sports Ltd,14682,19444,99999999,4750100001,7/6/2004,7/11/2004,1233248920,2,220101400387,3,37.8,5.85,113.4,Qtr 3
220200100002,Clothes & Shoes,Shoes,Eclipse Shoes,Cnv Plus Men's Off Court Tennis,US,Eclipse Inc,1303,11,99999999,3940108592,9/28/2007,10/2/2007,1243485097,3,220200100002,2,78.2,19.65,156.4,Qtr 3
220200100009,Clothes & Shoes,Shoes,Eclipse Shoes,Atmosphere Imara Women's Running Shoes,US,Eclipse Inc,1303,5,121056,9260114570,6/10/2007,6/10/2007,1242493791,1,220200100009,2,126.8,30.5,253.6,Qtr 2
220200100012,Clothes & Shoes,Shoes,Eclipse Shoes,Atmosphere Shatter Mid Shoes,US,Eclipse Inc,1303,89,121061,9260116551,10/31/2006,10/31/2006,1240549230,1,220200100012,1,58.7,28.25,58.7,Qtr 4
220200100035,Clothes & Shoes,Shoes,Eclipse Shoes,Big Guy Men's Air Deschutz Viii Shoes,US,Eclipse Inc,1303,16,99999999,3940105865,8/27/2003,9/4/2003,1231305521,2,220200100035,2,125.2,31.4,250.4,Qtr 3
220200100090,Clothes & Shoes,Shoes,Eclipse Shoes,Big Guy Men's Air Terra Reach Shoes,US,Eclipse Inc,1303,16,99999999,3940105865,8/27/2003,8/29/2003,1231305531,2,220200100090,2,177.2,44.4,354.4,Qtr 3
220200100092,Clothes & Shoes,Shoes,Eclipse Shoes,Big Guy Men's Air Terra Sebec Shoes,US,Eclipse Inc,1303,61,99999999,3940108887,4/24/2003,4/29/2003,1230619748,2,220200100092,1,83,41.6,83,Qtr 2
220200100129,Clothes & Shoes,Shoes,Eclipse Shoes,Big Guy Men's International Triax Shoes,US,Eclipse Inc,1303,53,120190,1600103258,11/19/2005,11/19/2005,1237695520,1,220200100129,3,240,39.45,720,Qtr 4
220200100137,Clothes & Shoes,Shoes,Eclipse Shoes,Big Guy Men's Multicourt Ii Shoes,US,Eclipse Inc,1303,31,121057,9260128428,9/6/2007,9/6/2007,1243290080,1,220200100137,1,50.3,25.25,50.3,Qtr 3
220200100171,Clothes & Shoes,Shoes,Eclipse Shoes,Woman's Air Amend Mid,US,Eclipse Inc,1303,27,99999999,9260105670,4/9/2007,4/14/2007,1241930625,3,220200100171,1,56.3,31.05,56.3,Qtr 2
220200100179,Clothes & Shoes,Shoes,Eclipse Shoes,Woman's Air Converge Triax X,US,Eclipse Inc,1303,71,121060,9260124130,5/16/2003,5/16/2003,1230745294,1,220200100179,1,134.5,67.35,134.5,Qtr 2
220200100190,Clothes & Shoes,Shoes,Eclipse Shoes,Woman's Air Imara,US,Eclipse Inc,1303,20,99999999,9260118934,5/18/2006,5/24/2006,1239226632,3,220200100190,3,190.5,29.95,571.5,Qtr 2
220200100202,Clothes & Shoes,Shoes,Eclipse Shoes,Woman's Air Rasp Suede,US,Eclipse Inc,1303,24,99999999,9260115784,5/18/2005,5/24/2005,1235830338,2,220200100202,1,92,46.1,92,Qtr 2
220200100226,Clothes & Shoes,Shoes,Eclipse Shoes,Woman's Air Zoom Drive,US,Eclipse Inc,1303,19,99999999,3940106547,11/3/2006,11/8/2006,1240568966,3,220200100226,1,133.2,66.7,133.2,Qtr 4
220200100229,Clothes & Shoes,Shoes,Eclipse Shoes,Woman's Air Zoom Sterling,US,Eclipse Inc,1303,13,99999999,3940105189,2/25/2004,2/28/2004,1232373481,2,220200100229,1,165.5,82.85,165.5,Qtr 1
220200200014,Clothes & Shoes,Shoes,Shoes,Dubby Low Men's Street Shoes,SE,Petterson AB,109,27,99999999,9260105670,4/9/2007,4/14/2007,1241930625,3,220200200014,1,90,40.9,90,Qtr 2
220200200018,Clothes & Shoes,Shoes,Shoes,Lulu Men's Street Shoes,SE,Petterson AB,109,71,121057,9260124130,9/2/2003,9/2/2003,1231341359,1,220200200018,2,132.8,30.25,265.6,Qtr 3
220200200022,Clothes & Shoes,Shoes,Shoes,Pro Fit Gel Ds Trainer Women's Running Shoes,US,Pro Sportswear Inc,1747,31,99999999,9260128428,4/25/2007,4/29/2007,1242076538,3,220200200022,1,57.3,33.9,57.3,Qtr 2
220200200024,Clothes & Shoes,Shoes,Shoes,Pro Fit Gel Gt 2030 Women's Running Shoes,US,Pro Sportswear Inc,1747,23,99999999,9260126679,4/18/2003,4/23/2003,1230591673,2,220200200024,3,178.5,32.25,535.5,Qtr 2
220200200035,Clothes & Shoes,Shoes,Shoes,Soft Alta Plus Women's Indoor Shoes,US,Pro Sportswear Inc,1747,171,120138,1600101555,10/16/2007,10/16/2007,1243643970,1,220200200035,1,101.5,46.25,101.5,Qtr 4
220200200036,Clothes & Shoes,Shoes,Shoes,Soft Astro Men's Running Shoes,US,Pro Sportswear Inc,1747,31,99999999,9260128428,6/8/2007,6/12/2007,1242477751,3,220200200036,2,120.4,27.4,240.8,Qtr 2
220200200071,Clothes & Shoes,Shoes,Shoes,Twain Men's Exit Low 2000 Street Shoes,US,Twain Inc,13198,49,121060,9260104510,6/10/2004,6/10/2004,1233078086,1,220200200071,2,200.2,43.5,400.4,Qtr 2
220200200073,Clothes & Shoes,Shoes,Shoes,Twain Stf6 Gtx M Men's Trekking Boot,US,Twain Inc,13198,24,99999999,9260115784,5/18/2005,5/24/2005,1235830338,2,220200200073,1,145.9,66.35,145.9,Qtr 2
220200200077,Clothes & Shoes,Shoes,Shoes,Twain Women's Exit Iii Mid Cd X-Hiking Shoes,US,Twain Inc,13198,31,99999999,9260128428,6/8/2007,6/12/2007,1242477751,3,220200200077,2,277.6,63.15,555.2,Qtr 2
220200200079,Clothes & Shoes,Shoes,Shoes,Twain Women's Expresso X-Hiking Shoes,US,Twain Inc,13198,16,99999999,3940105865,8/16/2006,8/17/2006,1239932984,2,220200200079,2,285.8,64.85,571.6,Qtr 3
220200300002,Clothes & Shoes,Shoes,Tracker Shoes,Pytossage Bathing Sandal,US,3Top Sports,2963,56,121059,9260111871,3/15/2003,3/15/2003,1230404278,1,220200300002,2,75,17.05,150,Qtr 1
220200300005,Clothes & Shoes,Shoes,Tracker Shoes,Liga Football Boot,US,3Top Sports,2963,61,99999999,3940108887,4/24/2003,4/29/2003,1230619748,2,220200300005,3,345,52.35,1035,Qtr 2
220200300015,Clothes & Shoes,Shoes,Tracker Shoes,Men's Running Shoes Piedmmont,US,3Top Sports,2963,16,99999999,3940105865,1/12/2005,1/14/2005,1234538390,2,220200300015,1,115,52.4,115,Qtr 1
220200300079,Clothes & Shoes,Shoes,Tracker Shoes,Hilly Women's Crosstrainer Shoes,US,3Top Sports,2963,45,121060,9260104847,12/4/2003,12/4/2003,1231858937,1,220200300079,2,128.6,28.65,257.2,Qtr 4
220200300082,Clothes & Shoes,Shoes,Tracker Shoes,Indoor Handbold Special Shoes,US,3Top Sports,2963,90,121060,9260111614,8/23/2006,8/23/2006,1239994933,1,220200300082,3,213,32.3,639,Qtr 3
220200300096,Clothes & Shoes,Shoes,Tracker Shoes,Mns.raptor Precision Sg Football,US,3Top Sports,2963,31,121060,9260128428,10/7/2007,10/7/2007,1243568955,1,220200300096,1,172.5,78.5,172.5,Qtr 4
220200300116,Clothes & Shoes,Shoes,Tracker Shoes,South Peak Men's Running Shoes,US,3Top Sports,2963,63,121061,9260125492,10/29/2003,11/2/2003,1231657078,1,220200300116,1,84.2,38.35,84.2,Qtr 4
220200300129,Clothes & Shoes,Shoes,Tracker Shoes,Torino Men's Leather Adventure Shoes,US,3Top Sports,2963,16,99999999,3940105865,8/16/2006,8/17/2006,1239932984,2,220200300129,5,406,37.05,2030,Qtr 3
220200300154,Clothes & Shoes,Shoes,Tracker Shoes,Hardcore Junior/Women's Street Shoes Large,GB,Greenline Sports Ltd,14682,10,121061,9260129395,8/27/2007,8/27/2007,1243198099,1,220200300154,3,256.2,39.8,768.6,Qtr 3
220200300157,Clothes & Shoes,Shoes,Tracker Shoes,Hardcore Men's Street Shoes Large,GB,Greenline Sports Ltd,14682,31,121059,9260128428,8/2/2003,8/2/2003,1231169108,1,220200300157,3,220.2,36.65,660.6,Qtr 3
230100100006,Outdoors,Outdoors,Anoraks & Parkas,Jacket Nome,ES,Luna sastreria S.A.,4742,79,99999999,9260101874,5/8/2003,5/9/2003,1230700421,2,230100100006,1,176,74.55,176,Qtr 2
230100100013,Outdoors,Outdoors,Anoraks & Parkas,Jacket with Removable Fleece,US,AllSeasons Outdoor Clothing,772,12,121069,9260103713,12/22/2004,12/22/2004,1234373539,1,230100100013,2,226.2,58.9,452.4,Qtr 4
230100100015,Outdoors,Outdoors,Anoraks & Parkas,Men's Jacket Caians,NO,Scandinavian Clothing A/S,50,1100,99999999,9050100008,12/10/2006,12/12/2006,1240870047,2,230100100015,2,213.8,45.5,427.6,Qtr 4
230100100017,Outdoors,Outdoors,Anoraks & Parkas,Men's Jacket Rem,NO,Scandinavian Clothing A/S,50,20,121069,9260118934,11/8/2006,11/8/2006,1240613362,1,230100100017,1,175.3,74.95,175.3,Qtr 4
230100100018,Outdoors,Outdoors,Anoraks & Parkas,Men's Jacket Sandy,ES,Luna sastreria S.A.,4742,36,99999999,9260128237,12/18/2005,12/21/2005,1237989406,3,230100100018,2,318.2,67.4,636.4,Qtr 4
230100100025,Outdoors,Outdoors,Anoraks & Parkas,Women's Shorts,NO,Scandinavian Clothing A/S,50,2788,99999999,9050100001,3/28/2003,3/30/2003,1230478006,2,230100100025,2,60.6,13.15,121.2,Qtr 1
230100100028,Outdoors,Outdoors,Anoraks & Parkas,4men Men's Polar Down Jacket,US,AllSeasons Outdoor Clothing,772,71,99999999,9260124130,8/30/2006,9/5/2006,1240051245,3,230100100028,1,250.9,104.2,250.9,Qtr 3
230100100033,Outdoors,Outdoors,Anoraks & Parkas,Big Guy Men's Packable Hiking Shorts,US,Miller Trading Inc,15218,17,121071,9260123306,12/20/2004,12/20/2004,1234360543,1,230100100033,2,110.2,25.4,220.4,Qtr 4
230100100045,Outdoors,Outdoors,Anoraks & Parkas,Duwall Pants,US,AllSeasons Outdoor Clothing,772,45,121066,9260104847,12/31/2003,12/31/2003,1232007700,1,230100100045,2,249.6,53.6,499.2,Qtr 4
230100100051,Outdoors,Outdoors,Anoraks & Parkas,Lucky Voss Jacket,US,AllSeasons Outdoor Clothing,772,23,99999999,9260126679,2/18/2004,2/22/2004,1232331499,2,230100100051,2,369.8,78.15,739.6,Qtr 1
230100100053,Outdoors,Outdoors,Anoraks & Parkas,Monster Men's Pants with Zipper,NO,Scandinavian Clothing A/S,50,4,121069,9260106519,12/18/2004,12/18/2004,1234348668,1,230100100053,2,92.6,20.9,185.2,Qtr 4
230100100062,Outdoors,Outdoors,Anoraks & Parkas,Topper Pants,US,AllSeasons Outdoor Clothing,772,89,99999999,9260116551,2/1/2004,2/4/2004,1232217725,2,230100100062,2,283.4,61,566.8,Qtr 1
230100100063,Outdoors,Outdoors,Anoraks & Parkas,Tx Peak Parka,US,Miller Trading Inc,15218,928,99999999,9050100016,3/26/2006,3/30/2006,1238797437,2,230100100063,2,767.8,176.05,1535.6,Qtr 1
230100200004,Outdoors,Outdoors,Backpacks,Black/Black,DK,Top Sports,755,908,99999999,9050100023,10/28/2005,11/1/2005,1237478988,2,230100200004,1,99.9,50.05,99.9,Qtr 4
230100200006,Outdoors,Outdoors,Backpacks,X-Large Bottlegreen/Black,DK,Top Sports,755,1100,99999999,9050100008,5/30/2006,6/1/2006,1239320891,2,230100200006,3,279.3,46.65,837.9,Qtr 2
230100200019,Outdoors,Outdoors,Backpacks,Commanche Women's 6000 Q Backpack. Bark,DK,Top Sports,755,45,121066,9260104847,12/31/2003,12/31/2003,1232007700,1,230100200019,2,398.2,95.65,796.4,Qtr 4
230100200022,Outdoors,Outdoors,Backpacks,Expedition Camp Duffle Medium Backpack,US,Miller Trading Inc,15218,71,99999999,9260124130,8/30/2006,9/5/2006,1240051245,3,230100200022,3,359.1,56.9,1077.3,Qtr 3
230100200025,Outdoors,Outdoors,Backpacks,Feelgood 55-75 Litre Black Women's Backpack,AU,Toto Outdoor Gear,10692,16,99999999,3940105865,12/22/2006,12/23/2006,1240961599,2,230100200025,4,1103.6,125.25,4414.4,Qtr 4
230100200029,Outdoors,Outdoors,Backpacks,Jaguar 50-75 Liter Blue Women's Backpack,AU,Toto Outdoor Gear,10692,5,99999999,9260114570,5/4/2007,5/9/2007,1242159212,3,230100200029,2,446.6,101.65,893.2,Qtr 2
230100200043,Outdoors,Outdoors,Backpacks,Medium Black/Bark Backpack,DK,Top Sports,755,12,121069,9260103713,3/7/2006,3/7/2006,1238646479,1,230100200043,1,56.7,27.25,56.7,Qtr 1
230100200047,Outdoors,Outdoors,Backpacks,Medium Gold Black/Gold Backpack,DK,Top Sports,755,11,99999999,3940108592,10/29/2003,11/3/2003,1231653765,3,230100200047,1,72.7,35.2,72.7,Qtr 4
230100200048,Outdoors,Outdoors,Backpacks,Medium Olive Olive/Black Backpack,DK,Top Sports,755,16,99999999,3940105865,2/24/2005,2/26/2005,1234972570,2,230100200048,1,68.7,34.45,68.7,Qtr 1
230100200054,Outdoors,Outdoors,Backpacks,Trekker 65 Royal Men's Backpack,AU,Toto Outdoor Gear,10692,908,99999999,9050100023,5/13/2004,5/17/2004,1232889267,2,230100200054,3,407.4,61.8,1222.2,Qtr 2
230100200056,Outdoors,Outdoors,Backpacks,Victor Grey/Olive Women's Backpack,DK,Top Sports,755,50,99999999,3940105781,10/19/2006,10/20/2006,1240447572,2,230100200056,1,270,125.65,270,Qtr 4
230100200059,Outdoors,Outdoors,Backpacks,Deer Backpack,ES,Luna sastreria S.A.,4742,195,120150,1600101663,2/5/2004,2/5/2004,1232240447,1,230100200059,2,77.6,16.65,155.2,Qtr 1
230100200066,Outdoors,Outdoors,Backpacks,Deer Waist Bag,ES,Luna sastreria S.A.,4742,36,99999999,9260128237,6/15/2005,6/18/2005,1236113431,3,230100200066,2,25.8,5.45,51.6,Qtr 2
230100200073,Outdoors,Outdoors,Backpacks,Hammock Sports Bag,ES,Luna sastreria S.A.,4742,63,121064,9260125492,1/6/2006,1/6/2006,1238168538,1,230100200073,1,46.9,20.2,46.9,Qtr 1
230100200074,Outdoors,Outdoors,Backpacks,Sioux Men's Backpack 26 Litre.,US,Miller Trading Inc,15218,195,120143,1600101663,4/29/2004,4/29/2004,1232790793,1,230100200074,1,50.1,24.5,50.1,Qtr 2
230100300006,Outdoors,Outdoors,Gloves & Mittens,Gloves Le Fly Mitten,PT,Magnifico Sports,1684,20,121066,9260118934,4/1/2003,4/1/2003,1230498538,1,230100300006,1,68.5,34.35,68.5,Qtr 2
230100300010,Outdoors,Outdoors,Gloves & Mittens,Massif Dual Gloves,FR,Massif S.A.,13199,908,99999999,9050100023,6/10/2005,6/14/2005,1236066649,2,230100300010,1,46.7,18.75,46.7,Qtr 2
230100300013,Outdoors,Outdoors,Gloves & Mittens,Montana Adult Gloves,SE,Svensson Trading AB,6355,90,121072,9260111614,3/7/2006,3/7/2006,1238646484,1,230100300013,1,24.8,5,24.8,Qtr 1
230100300023,Outdoors,Outdoors,Gloves & Mittens,Scania Unisex Gloves,SE,Svensson Trading AB,6355,544,99999999,9050100008,9/10/2006,9/11/2006,1240137702,2,230100300023,1,36,15,36,Qtr 3
230100400007,Outdoors,Outdoors,Knitted Accessories,Breaker Commandos Cap,DK,Norsok A/S,4793,10,121071,9260129395,6/6/2007,6/6/2007,1242458099,1,230100400007,1,12.2,4.9,12.2,Qtr 2
230100400010,Outdoors,Outdoors,Knitted Accessories,Breaker Frozen Husky Hat,DK,Norsok A/S,4793,45,120734,9260104847,8/22/2007,8/23/2007,1243152030,1,230100400010,1,40.2,16.85,40.2,Qtr 3
230100400012,Outdoors,Outdoors,Knitted Accessories,Breaker Russia Cap,DK,Norsok A/S,4793,544,99999999,9050100008,10/14/2004,10/15/2004,1233913196,2,230100400012,1,29.3,11.75,29.3,Qtr 4
230100400025,Outdoors,Outdoors,Knitted Accessories,Mayday Serious Headband,US,Mayday Inc,4646,1100,99999999,9050100008,10/31/2005,11/2/2005,1237507462,2,230100400025,3,51,6.6,153,Qtr 4
230100500004,Outdoors,Outdoors,Outdoor Gear,"Backpack Flag, 6,5x9 Cm.",GB,Prime Sports Ltd,316,171,120141,1600101555,8/31/2007,9/10/2007,1243227745,1,230100500004,2,6.4,1.35,12.8,Qtr 3
230100500006,Outdoors,Outdoors,Outdoor Gear,Collapsible Water Can,GB,Prime Sports Ltd,316,16,99999999,3940105865,6/17/2005,6/19/2005,1236128456,2,230100500006,2,16.8,3.45,33.6,Qtr 2
230100500008,Outdoors,Outdoors,Outdoor Gear,Dome Tent Monodome Alu,GB,Prime Sports Ltd,316,195,120148,1600101663,12/28/2003,12/28/2003,1231986335,1,230100500008,1,38,16.8,38,Qtr 4
230100500012,Outdoors,Outdoors,Outdoor Gear,Inflatable 3.5,GB,Prime Sports Ltd,316,544,99999999,9050100008,5/21/2003,5/22/2003,1230771337,2,230100500012,3,221.7,33.25,665.1,Qtr 2
230100500013,Outdoors,Outdoors,Outdoor Gear,Lamp with Battery Box,GB,Prime Sports Ltd,316,1684,99999999,9050100008,8/1/2006,8/4/2006,1239821232,2,230100500013,2,18.8,4.75,37.6,Qtr 3
230100500016,Outdoors,Outdoors,Outdoor Gear,"Money Purse, Black",DK,Top Sports,755,24,99999999,9260115784,2/22/2005,2/27/2005,1234958242,2,230100500016,1,11.9,5.4,11.9,Qtr 1
230100500020,Outdoors,Outdoors,Outdoor Gear,Pocket Light with Crypton Bulb,GB,Prime Sports Ltd,316,215,120150,1600102721,8/20/2004,8/20/2004,1233545781,1,230100500020,1,6.2,2.85,6.2,Qtr 3
230100500023,Outdoors,Outdoors,Outdoor Gear,Proofing Spray,GB,Prime Sports Ltd,316,75,121069,9260108068,11/10/2004,11/10/2004,1234092222,1,230100500023,1,7.2,3.1,7.2,Qtr 4
230100500024,Outdoors,Outdoors,Outdoor Gear,"Small Belt Bag, Black",DK,Top Sports,755,215,120145,1600102721,7/7/2003,7/7/2003,1231023774,1,230100500024,1,22.9,10.85,22.9,Qtr 3
230100500026,Outdoors,Outdoors,Outdoor Gear,Trekking Tent,GB,Prime Sports Ltd,316,5,99999999,9260114570,1/15/2003,1/19/2003,1230080101,2,230100500026,1,247.5,109.55,247.5,Qtr 1
230100500045,Outdoors,Outdoors,Outdoor Gear,Cup Picnic Mug 25 Cl.,GB,Prime Sports Ltd,316,79,99999999,9260101874,5/8/2003,5/9/2003,1230700421,2,230100500045,2,2.6,0.6,5.2,Qtr 2
230100500056,Outdoors,Outdoors,Outdoor Gear,Knife,US,KN Outdoor Trading Inc,4718,45,121066,9260104847,12/31/2003,12/31/2003,1232007700,1,230100500056,1,8,3.5,8,Qtr 4
230100500058,Outdoors,Outdoors,Outdoor Gear,Mattress with 5 channels 196x72,GB,Prime Sports Ltd,316,16,99999999,3940105865,7/19/2006,7/20/2006,1239713046,2,230100500058,4,66.8,7.25,267.2,Qtr 3
230100500066,Outdoors,Outdoors,Outdoor Gear,Outback Spirits Kitchen,GB,Prime Sports Ltd,316,183,120143,1600100760,6/4/2006,6/4/2006,1239353855,1,230100500066,1,12.7,6.1,12.7,Qtr 2
230100500068,Outdoors,Outdoors,Outdoor Gear,Plate Picnic Deep,GB,Prime Sports Ltd,316,79,99999999,9260101874,5/8/2003,5/9/2003,1230700421,2,230100500068,2,3.4,0.8,6.8,Qtr 2
230100500072,Outdoors,Outdoors,Outdoor Gear,Single Full Box Madras honeycomb-weave,GB,Prime Sports Ltd,316,111,120143,1600102072,10/3/2005,10/3/2005,1237218771,1,230100500072,1,26.1,11.9,26.1,Qtr 4
230100500074,Outdoors,Outdoors,Outdoor Gear,"Tent Milano Tent,4 Persons, about 4.8",GB,Prime Sports Ltd,316,61,99999999,3940108887,7/20/2003,7/25/2003,1231094514,2,230100500074,4,544,51.3,2176,Qtr 3
230100500077,Outdoors,Outdoors,Outdoor Gear,Jl Legacy Curig I.A.Jacket,US,AllSeasons Outdoor Clothing,772,63,120733,9260125492,10/10/2006,10/10/2006,1240379679,1,230100500077,1,173,72.75,173,Qtr 4
230100500080,Outdoors,Outdoors,Outdoor Gear,Jl Rainlight Essential Pants,US,AllSeasons Outdoor Clothing,772,52,120732,9260116235,8/19/2006,8/19/2006,1239962634,1,230100500080,2,50,12.2,100,Qtr 3
230100500081,Outdoors,Outdoors,Outdoor Gear,Lucky Tech Classic Rain Pants,US,AllSeasons Outdoor Clothing,772,171,120148,1600101555,2/15/2004,2/15/2004,1232307056,1,230100500081,2,146,30.35,292,Qtr 1
230100500082,Outdoors,Outdoors,Outdoor Gear,Lucky Tech Intergal Wp/B Rain Pants,US,AllSeasons Outdoor Clothing,772,13,99999999,3940105189,4/28/2003,5/3/2003,1230642273,2,230100500082,1,126.1,58.6,126.1,Qtr 2
230100500087,Outdoors,Outdoors,Outdoor Gear,Mayday Qd Zip Pants,US,Mayday Inc,4646,88,120733,9260100179,12/11/2003,12/11/2003,1231896710,1,230100500087,1,93.8,39.05,93.8,Qtr 4
230100500091,Outdoors,Outdoors,Outdoor Gear,Mayday Soul Ht Jacket,US,Mayday Inc,4646,544,99999999,9050100008,11/12/2003,11/13/2003,1231734609,2,230100500091,1,191,80.45,191,Qtr 4
230100500092,Outdoors,Outdoors,Outdoor Gear,Mayday Sports Pullover,US,Mayday Inc,4646,23,99999999,9260126679,12/8/2004,12/12/2004,1234279341,2,230100500092,1,116.7,48.6,116.7,Qtr 4
230100500093,Outdoors,Outdoors,Outdoor Gear,Mayday W'S Sports Pullover,US,Mayday Inc,4646,71,121064,9260124130,5/31/2003,5/31/2003,1230825762,1,230100500093,2,265.6,55.85,531.2,Qtr 2
230100500094,Outdoors,Outdoors,Outdoor Gear,"Men's Pants, Basic",US,Mayday Inc,4646,89,99999999,9260116551,3/31/2004,4/3/2004,1232601472,2,230100500094,2,173.2,34.1,346.4,Qtr 1
230100500095,Outdoors,Outdoors,Outdoor Gear,Men's Sports Pullover,US,Mayday Inc,4646,12,121064,9260103713,7/16/2003,7/16/2003,1231077006,1,230100500095,2,193.8,40,387.6,Qtr 3
230100500096,Outdoors,Outdoors,Outdoor Gear,Rain Jacket,US,AllSeasons Outdoor Clothing,772,111,120148,1600102072,5/23/2003,5/23/2003,1230778996,1,230100500096,1,35.5,17.25,35.5,Qtr 2
230100500101,Outdoors,Outdoors,Outdoor Gear,Ultra Ht Lightning Set,US,AllSeasons Outdoor Clothing,772,16,99999999,3940105865,1/17/2005,1/19/2005,1234588648,2,230100500101,1,138.7,62.5,138.7,Qtr 1
230100600003,Outdoors,Outdoors,Sleepingbags,"Sheet Sleeping Bag, Red",GB,Outback Outfitters Ltd,16422,41,120143,1600101527,8/10/2007,8/10/2007,1243039354,1,230100600003,1,17.6,7.75,17.6,Qtr 3
230100600005,Outdoors,Outdoors,Sleepingbags,"Basic 10, Left , Yellow/Black",DK,Top Sports,755,183,120149,1600100760,3/22/2003,3/22/2003,1230440481,1,230100600005,1,129.8,63.2,129.8,Qtr 1
230100600015,Outdoors,Outdoors,Sleepingbags,"Expedition Zero,Medium,Left,Charcoal",DK,Top Sports,755,215,120145,1600102721,7/7/2003,7/7/2003,1231023774,1,230100600015,1,78.2,39.2,78.2,Qtr 3
230100600016,Outdoors,Outdoors,Sleepingbags,"Expedition Zero,Medium,Right,Charcoal",DK,Top Sports,755,16,99999999,3940105865,6/17/2005,6/19/2005,1236128456,2,230100600016,2,154,38.6,308,Qtr 2
230100600017,Outdoors,Outdoors,Sleepingbags,"Expedition Zero,Small,Left,Charcoal",DK,Top Sports,755,71,120732,9260124130,8/8/2003,8/8/2003,1231204878,1,230100600017,2,111.4,27.95,222.8,Qtr 3
230100600018,Outdoors,Outdoors,Sleepingbags,"Expedition Zero,Small,Right,Charcoal",DK,Top Sports,755,16,99999999,3940105865,3/24/2003,3/26/2003,1230450371,2,230100600018,2,128.4,32.2,256.8,Qtr 1
230100600022,Outdoors,Outdoors,Sleepingbags,"Expedition10,Medium,Right,Blue Ribbon",DK,Top Sports,755,52,99999999,9260116235,8/20/2003,8/26/2003,1231270767,3,230100600022,2,168.2,42.15,336.4,Qtr 3
230100600023,Outdoors,Outdoors,Sleepingbags,"Expedition 10,Small,Left,Blue Ribbon",DK,Top Sports,755,13,99999999,3940105189,7/9/2003,7/14/2003,1231035308,2,230100600023,2,146.8,36.8,293.6,Qtr 3
230100600024,Outdoors,Outdoors,Sleepingbags,"Expedition 10,Small,Right,Blue Ribbon",DK,Top Sports,755,16,99999999,3940105865,1/17/2005,1/19/2005,1234588648,2,230100600024,1,76.1,38.15,76.1,Qtr 1
230100600026,Outdoors,Outdoors,Sleepingbags,"Expedition 20,Large,Right,Forestgreen",DK,Top Sports,755,928,99999999,9050100016,5/15/2003,5/19/2003,1230738723,2,230100600026,2,237.2,59.4,474.4,Qtr 2
230100600028,Outdoors,Outdoors,Sleepingbags,"Expedition 20,Medium,Right,Forestgreen",DK,Top Sports,755,195,120150,1600101663,1/2/2005,1/2/2005,1234437760,1,230100600028,2,193.4,48.45,386.8,Qtr 1
230100600030,Outdoors,Outdoors,Sleepingbags,"Outback Sleeping Bag, Large,Left,Blue/Black",DK,Top Sports,755,5,99999999,9260114570,12/21/2003,12/23/2003,1231950921,2,230100600030,1,86.3,41.4,86.3,Qtr 4
230100600031,Outdoors,Outdoors,Sleepingbags,"Outback Sleeping Bag, Large,Right, Blue/Black",DK,Top Sports,755,41,120145,1600101527,10/18/2005,10/18/2005,1237370327,1,230100600031,1,88.5,42.45,88.5,Qtr 4
230100600035,Outdoors,Outdoors,Sleepingbags,"Polar Bear Sleeping mat, Olive Green",GB,Outback Outfitters Ltd,16422,9,99999999,3940106659,4/15/2004,4/20/2004,1232698281,3,230100600035,1,29.4,14.15,29.4,Qtr 2
230100600036,Outdoors,Outdoors,Sleepingbags,Tent Summer 195 Twin Sleeping Bag,GB,Outback Outfitters Ltd,16422,61,99999999,3940108887,10/23/2003,10/28/2003,1231619928,2,230100600036,1,103.2,50.4,103.2,Qtr 4
230100600038,Outdoors,Outdoors,Sleepingbags,Tipee Summer Sleeping Bag,GB,Outback Outfitters Ltd,16422,53,120143,1600103258,5/24/2006,5/24/2006,1239266107,1,230100600038,1,112.5,54.95,112.5,Qtr 2
230100600039,Outdoors,Outdoors,Sleepingbags,Tipee Twin Blue/Orange,GB,Outback Outfitters Ltd,16422,544,99999999,9050100008,12/8/2006,12/9/2006,1240856801,2,230100600039,1,124.7,59.65,124.7,Qtr 4
230100700002,Outdoors,Outdoors,Tents,Comfort Shelter,GB,Outback Outfitters Ltd,16422,61,99999999,3940108887,8/29/2003,9/3/2003,1231317443,2,230100700002,2,440,135,880,Qtr 3
230100700004,Outdoors,Outdoors,Tents,Expedition Dome 3,GB,Outback Outfitters Ltd,16422,16,99999999,3940105865,11/7/2006,11/8/2006,1240599396,2,230100700004,1,360,199,360,Qtr 4
230100700008,Outdoors,Outdoors,Tents,Family Holiday 4,SE,Petterson AB,109,16,99999999,3940105865,1/24/2005,1/26/2005,1234659163,2,230100700008,1,504.2,245.8,504.2,Qtr 1
230100700009,Outdoors,Outdoors,Tents,Family Holiday 6,SE,Petterson AB,109,16,99999999,3940105865,5/10/2005,5/12/2005,1235744141,2,230100700009,3,1687.5,287.1,5062.5,Qtr 2
230100700011,Outdoors,Outdoors,Tents,Hurricane 4,SE,Petterson AB,109,9,99999999,3940106659,8/10/2005,8/15/2005,1236673732,3,230100700011,2,550.2,113.45,1100.4,Qtr 3
240100100029,Sports,Assorted Sports Articles,Assorted Sports articles,Buzz Saw,CA,CrystalClear Optics Inc,16814,2806,99999999,8010100089,6/18/2007,6/22/2007,1242568696,2,240100100029,2,239,51.7,478,Qtr 2
240100100031,Sports,Assorted Sports Articles,Assorted Sports articles,Capsy Hood,US,Nautlius SportsWear Inc,6153,3959,99999999,8010100151,9/3/2005,9/4/2005,1236923123,3,240100100031,1,3.7,1.3,3.7,Qtr 3
240100100063,Sports,Assorted Sports Articles,Assorted Sports articles,Grey Met.,CA,CrystalClear Optics Inc,16814,63,99999999,9260125492,1/24/2005,1/25/2005,1234665265,2,240100100063,2,48.4,9.75,96.8,Qtr 1
240100100065,Sports,Assorted Sports Articles,Assorted Sports articles,Grey,CA,CrystalClear Optics Inc,16814,52,99999999,9260116235,10/5/2003,10/11/2003,1231522431,3,240100100065,1,34.7,13.8,34.7,Qtr 4
240100100148,Sports,Assorted Sports Articles,Assorted Sports articles,Wood Box for 6 Balls,GB,Royal Darts Ltd,4514,29,99999999,1600103020,5/12/2006,5/16/2006,1239172417,2,240100100148,2,51.6,10.95,103.2,Qtr 2
240100100159,Sports,Assorted Sports Articles,Assorted Sports articles,A-team Smoothsport Bra,US,A Team Sports,3298,5,99999999,9260114570,5/2/2007,5/7/2007,1242140006,3,240100100159,1,31.4,13.9,31.4,Qtr 2
240100100184,Sports,Assorted Sports Articles,Assorted Sports articles,Barret 2.12 Men's Softboot,US,Roll-Over Inc,3815,29,99999999,1600103020,5/18/2006,5/22/2006,1239220388,2,240100100184,1,190.4,88.8,190.4,Qtr 2
240100100186,Sports,Assorted Sports Articles,Assorted Sports articles,Barret 3.1 Women's Softboot,US,Roll-Over Inc,3815,183,120122,1600100760,5/28/2004,5/28/2004,1232985693,1,240100100186,1,273,122.8,273,Qtr 2
240100100232,Sports,Assorted Sports Articles,Assorted Sports articles,Dartsharpener Key ring,GB,Royal Darts Ltd,4514,2550,99999999,8010100009,5/4/2007,5/9/2007,1242161468,3,240100100232,3,9.6,1.3,28.8,Qtr 2
240100100305,Sports,Assorted Sports Articles,Assorted Sports articles,Hiclass Mundo 78a 36x72mm Pink-Swirl,US,Roll-Over Inc,3815,52,121025,9260116235,1/25/2006,1/25/2006,1238319276,1,240100100305,1,8.9,4.1,8.9,Qtr 1
240100100312,Sports,Assorted Sports Articles,Assorted Sports articles,Hot Mini Backboard Bulls,NL,Van Dammeren International,2995,2806,99999999,8010100089,3/13/2006,3/17/2006,1238696385,2,240100100312,2,36.2,7.7,72.4,Qtr 1
240100100354,Sports,Assorted Sports Articles,Assorted Sports articles,Mk Splinter 66 5m 88a Pea.,PT,Magnifico Sports,1684,171,120124,1600101555,11/23/2007,11/23/2007,1243991721,1,240100100354,1,29.9,14.3,29.9,Qtr 4
240100100365,Sports,Assorted Sports Articles,Assorted Sports articles,Northern Coach,GB,EA Sports Limited,12283,111,120123,1600102072,7/11/2005,7/11/2005,1236369939,1,240100100365,1,191.6,87.4,191.6,Qtr 3
240100100366,Sports,Assorted Sports Articles,Assorted Sports articles,Northern Liquid Belt with Bottle,GB,EA Sports Limited,12283,2618,99999999,8010100125,10/13/2005,10/18/2005,1237331045,3,240100100366,1,16.3,7.8,16.3,Qtr 4
240100100403,Sports,Assorted Sports Articles,Assorted Sports articles,Proskater Viablade Tx Women's Fitness,US,Roll-Over Inc,3815,5,99999999,9260114570,4/19/2004,4/23/2004,1232728634,2,240100100403,1,168.7,76.55,168.7,Qtr 2
240100100410,Sports,Assorted Sports Articles,Assorted Sports articles,Prosoccer  Club Football 4/32 (Replica) Synth,US,Teamsports Inc,5810,31,121025,9260128428,3/18/2007,3/18/2007,1241731828,1,240100100410,1,22.7,10.4,22.7,Qtr 1
240100100433,Sports,Assorted Sports Articles,Assorted Sports articles,Shoelace White 150 Cm,US,Teamsports Inc,5810,5,121025,9260114570,10/30/2003,10/30/2003,1231663230,1,240100100433,1,3,1.15,3,Qtr 4
240100100434,Sports,Assorted Sports Articles,Assorted Sports articles,Shoeshine Black,CA,CrystalClear Optics Inc,16814,3959,99999999,8010100151,4/4/2006,4/6/2006,1238872273,3,240100100434,1,16.4,8.05,16.4,Qtr 2
240100100463,Sports,Assorted Sports Articles,Assorted Sports articles,Sparkle Spray Orange,CA,CrystalClear Optics Inc,16814,41,120124,1600101527,10/18/2007,10/18/2007,1243661763,1,240100100463,2,29.4,6.05,58.8,Qtr 4
240100100477,Sports,Assorted Sports Articles,Assorted Sports articles,Stout Brass 18 Gram,GB,Royal Darts Ltd,4514,41,99999999,1600101527,1/6/2006,1/10/2006,1238161695,2,240100100477,2,17,3.3,34,Qtr 1
240100100508,Sports,Assorted Sports Articles,Assorted Sports articles,Top Elite Kit Small,US,Roll-Over Inc,3815,53,120121,1600103258,3/11/2006,3/11/2006,1238674844,1,240100100508,1,48.3,19.25,48.3,Qtr 1
240100100535,Sports,Assorted Sports Articles,Assorted Sports articles,Victor 76 76mm Optics Blue,PT,Magnifico Sports,1684,34,121025,9260111379,5/30/2004,5/30/2004,1233003688,1,240100100535,1,28.6,12.95,28.6,Qtr 2
240100100581,Sports,Assorted Sports Articles,Assorted Sports articles,Eliza T-Shirt,ES,Luna sastreria S.A.,4742,2618,99999999,8010100125,1/25/2004,1/30/2004,1232173841,3,240100100581,1,28,11.55,28,Qtr 1
240100100605,Sports,Assorted Sports Articles,Assorted Sports articles,Fred T-Shirt,ES,Luna sastreria S.A.,4742,2806,99999999,8010100089,11/30/2007,12/4/2007,1244066194,2,240100100605,3,144.6,20.75,433.8,Qtr 4
240100100610,Sports,Assorted Sports Articles,Assorted Sports articles,Goodtime Bag,ES,Luna sastreria S.A.,4742,3959,99999999,8010100151,8/6/2003,8/7/2003,1231194004,3,240100100610,2,122,27.55,244,Qtr 3
240100100615,Sports,Assorted Sports Articles,Assorted Sports articles,Goodtime Toilet Bag,ES,Luna sastreria S.A.,4742,2806,99999999,8010100089,8/6/2007,8/10/2007,1243012144,2,240100100615,2,25.8,5.45,51.6,Qtr 3
240100100646,Sports,Assorted Sports Articles,Assorted Sports articles,Lyon Men's Jacket,ES,Luna sastreria S.A.,4742,171,99999999,1600101555,5/1/2003,5/4/2003,1230657844,3,240100100646,1,109.9,46.8,109.9,Qtr 2
240100100654,Sports,Assorted Sports Articles,Assorted Sports articles,Montevideo Men's Shorts,ES,Luna sastreria S.A.,4742,111,120123,1600102072,12/29/2004,12/29/2004,1234414529,1,240100100654,2,90.4,18.15,180.8,Qtr 4
240100100665,Sports,Assorted Sports Articles,Assorted Sports articles,Pool Shorts,ES,Luna sastreria S.A.,4742,31,121025,9260128428,3/18/2007,3/18/2007,1241731828,1,240100100665,1,41.5,17.25,41.5,Qtr 1
240100100672,Sports,Assorted Sports Articles,Assorted Sports articles,Ribstop Jacket,ES,Luna sastreria S.A.,4742,18,121021,9260112361,2/16/2005,2/16/2005,1234897732,1,240100100672,1,197.9,84.9,197.9,Qtr 1
240100100676,Sports,Assorted Sports Articles,Assorted Sports articles,Roth T-Shirt,ES,Luna sastreria S.A.,4742,5,99999999,9260114570,9/9/2004,9/13/2004,1233682051,2,240100100676,1,43.4,18.65,43.4,Qtr 3
240100100679,Sports,Assorted Sports Articles,Assorted Sports articles,Saturn Big Bag,ES,Luna sastreria S.A.,4742,27,99999999,9260105670,6/5/2007,6/10/2007,1242449327,3,240100100679,2,91.6,19.5,183.2,Qtr 2
240100100690,Sports,Assorted Sports Articles,Assorted Sports articles,Shirt Termir,ES,Luna sastreria S.A.,4742,34,99999999,9260111379,6/7/2007,6/13/2007,1242467585,3,240100100690,2,403,86.1,806,Qtr 2
240100100703,Sports,Assorted Sports Articles,Assorted Sports articles,Stream Sweatshirt with Tube,ES,Luna sastreria S.A.,4742,29,99999999,1600103020,4/19/2006,4/23/2006,1238985782,2,240100100703,1,79.9,34.3,79.9,Qtr 2
240100100714,Sports,Assorted Sports Articles,Assorted Sports articles,Tybor Sweatshirt with Hood,ES,Luna sastreria S.A.,4742,52,121024,9260116235,3/27/2006,3/27/2006,1238805678,1,240100100714,1,92.8,39.85,92.8,Qtr 1
240100100734,Sports,Assorted Sports Articles,Assorted Sports articles,Wyoming Men's Socks,ES,Luna sastreria S.A.,4742,171,120121,1600101555,6/24/2004,6/24/2004,1233166411,1,240100100734,1,10.1,4.15,10.1,Qtr 2
240100100737,Sports,Assorted Sports Articles,Assorted Sports articles,Wyoming Men's T-Shirt with V-Neck,ES,Luna sastreria S.A.,4742,34,99999999,9260111379,6/7/2007,6/13/2007,1242467585,3,240100100737,5,239.5,20.65,1197.5,Qtr 2
240100200001,Sports,Assorted Sports Articles,Darts,Aim4it 16 Gram Softtip Pil,GB,Royal Darts Ltd,4514,183,120121,1600100760,1/12/2005,1/12/2005,1234537441,1,240100200001,1,16,6.35,16,Qtr 1
240100200004,Sports,Assorted Sports Articles,Darts,Aim4it 80% Tungsten 22 Gram,GB,Royal Darts Ltd,4514,171,120124,1600101555,7/30/2007,7/30/2007,1242938120,1,240100200004,1,35.2,14.8,35.2,Qtr 3
240100200014,Sports,Assorted Sports Articles,Darts,Pacific 95% 23 Gram,GB,Royal Darts Ltd,4514,111,120122,1600102072,3/28/2005,3/28/2005,1235306679,1,240100200014,1,55.4,22.8,55.4,Qtr 1
240100400004,Sports,Assorted Sports Articles,Skates,Children's Roller Skates,PT,Magnifico Sports,1684,3959,99999999,8010100151,1/25/2007,1/26/2007,1241263172,3,240100400004,1,102.4,51.15,102.4,Qtr 1
240100400005,Sports,Assorted Sports Articles,Skates,Cool Fit Men's Roller Skates,US,Twain Inc,13198,79,99999999,9260101874,3/2/2003,3/3/2003,1230333319,2,240100400005,1,234.6,115.95,234.6,Qtr 1
240100400006,Sports,Assorted Sports Articles,Skates,Cool Fit Women's Roller Skates,US,Twain Inc,13198,52,121024,9260116235,3/27/2006,3/27/2006,1238805678,1,240100400006,1,229.1,113.25,229.1,Qtr 1
240100400037,Sports,Assorted Sports Articles,Skates,N.d.gear Roller Skates Ff80 80 millimetre78a,PT,Magnifico Sports,1684,111,120123,1600102072,7/11/2005,7/11/2005,1236369939,1,240100400037,1,231,113.65,231,Qtr 3
240100400043,Sports,Assorted Sports Articles,Skates,Perfect Fit Men's  Roller Skates,US,Twain Inc,13198,2806,99999999,8010100089,7/4/2003,7/8/2003,1231014780,2,240100400043,4,1064,131.5,4256,Qtr 3
240100400044,Sports,Assorted Sports Articles,Skates,Perfect Fit Men's Roller Skates,US,Twain Inc,13198,5,99999999,9260114570,12/31/2003,1/4/2004,1232007693,2,240100400044,1,353.6,174.75,353.6,Qtr 4
240100400046,Sports,Assorted Sports Articles,Skates,Perfect Fit Men's Stunt Skates,US,Twain Inc,13198,195,120123,1600101663,11/17/2004,11/17/2004,1234133789,1,240100400046,1,328.3,165.95,328.3,Qtr 4
240100400049,Sports,Assorted Sports Articles,Skates,Perfect Fit Women's Roller Skates Custom,US,Twain Inc,13198,5,99999999,9260114570,12/31/2003,1/4/2004,1232007693,2,240100400049,1,421.2,212.95,421.2,Qtr 4
240100400058,Sports,Assorted Sports Articles,Skates,Pro-roll Hot Rod Roller Skates,PT,Magnifico Sports,1684,2806,99999999,8010100089,1/29/2007,2/8/2007,1241298131,2,240100400058,1,37.4,29.65,37.4,Qtr 1
240100400062,Sports,Assorted Sports Articles,Skates,Pro-roll Lazer Roller Skates,PT,Magnifico Sports,1684,3959,99999999,8010100151,1/25/2007,1/26/2007,1241263172,3,240100400062,1,113.2,54,113.2,Qtr 1
240100400069,Sports,Assorted Sports Articles,Skates,Pro-roll Panga Roller Skates,PT,Magnifico Sports,1684,195,120124,1600101663,10/8/2005,10/8/2005,1237272696,1,240100400069,2,186.6,39.95,373.2,Qtr 4
240100400070,Sports,Assorted Sports Articles,Skates,Pro-roll Sabotage-Rp  Roller Skates,PT,Magnifico Sports,1684,17,121020,9260123306,12/17/2003,12/17/2003,1231928627,1,240100400070,1,175.9,127.95,175.9,Qtr 4
240100400076,Sports,Assorted Sports Articles,Skates,Pro-roll Sq9 80-76mm/78a Roller Skates,PT,Magnifico Sports,1684,2806,99999999,8010100089,8/28/2003,9/1/2003,1231316727,2,240100400076,2,224.6,68.6,449.2,Qtr 3
240100400080,Sports,Assorted Sports Articles,Skates,Proskater Kitalpha Gamma Roller Skates,US,Roll-Over Inc,3815,71,121025,9260124130,11/20/2003,11/20/2003,1231780610,1,240100400080,1,219.9,109.9,219.9,Qtr 4
240100400083,Sports,Assorted Sports Articles,Skates,Proskater Viablade S Roller Skates,US,Roll-Over Inc,3815,2806,99999999,8010100089,8/6/2007,8/10/2007,1243012144,2,240100400083,2,219,54.7,438,Qtr 3
240100400085,Sports,Assorted Sports Articles,Skates,Proskater W-500 Jr.Roller Skates,US,Roll-Over Inc,3815,171,120124,1600101555,2/7/2007,2/7/2007,1241371145,1,240100400085,2,129,30.95,258,Qtr 1
240100400095,Sports,Assorted Sports Articles,Skates,Rollerskate Roller Skates Control Xi Adult,PT,Magnifico Sports,1684,53,120121,1600103258,11/25/2004,11/25/2004,1234186330,1,240100400095,1,200.1,97.75,200.1,Qtr 4
240100400098,Sports,Assorted Sports Articles,Skates,Rollerskate  Roller Skates Ex9 76mm/78a Biofl,PT,Magnifico Sports,1684,2550,99999999,8010100009,8/10/2004,8/15/2004,1233484749,3,240100400098,2,503.6,125.85,1007.2,Qtr 3
240100400100,Sports,Assorted Sports Articles,Skates,Rollerskate Roller Skates Gretzky Mvp S.B.S,PT,Magnifico Sports,1684,29,99999999,1600103020,9/17/2006,9/21/2006,1240187143,2,240100400100,1,154.6,116.6,154.6,Qtr 3
240100400112,Sports,Assorted Sports Articles,Skates,Rollerskate Roller Skates Panga 72mm/78a,PT,Magnifico Sports,1684,215,120123,1600102721,8/18/2004,8/18/2004,1233531965,1,240100400112,1,114,54.8,114,Qtr 3
240100400125,Sports,Assorted Sports Articles,Skates,Rollerskate Roller Skates Sq5 76mm/78a,PT,Magnifico Sports,1684,89,121024,9260116551,10/1/2007,10/1/2007,1243515588,1,240100400125,1,114.2,44.6,114.2,Qtr 4
240100400128,Sports,Assorted Sports Articles,Skates,Rollerskate Roller Skates Sq7-Ls 76mm/78a,PT,Magnifico Sports,1684,90,99999999,9260111614,5/2/2007,5/4/2007,1242140009,2,240100400128,1,192.4,89.9,192.4,Qtr 2
240100400129,Sports,Assorted Sports Articles,Skates,Rollerskate Roller Skates Sq9 80-76mm/78a,PT,Magnifico Sports,1684,34,121021,9260111379,5/14/2004,5/14/2004,1232897220,1,240100400129,3,712.2,111,2136.6,Qtr 2
240100400136,Sports,Assorted Sports Articles,Skates,Rollerskate Roller Skates Xpander,PT,Magnifico Sports,1684,2550,99999999,8010100009,8/10/2004,8/15/2004,1233484749,3,240100400136,3,272.7,45.4,818.1,Qtr 3
240100400142,Sports,Assorted Sports Articles,Skates,Twain Ac7/Ft7 Men's Roller Skates,US,Twain Inc,13198,195,120124,1600101663,10/8/2005,10/8/2005,1237272696,1,240100400142,2,338.8,84.85,677.6,Qtr 4
240100400143,Sports,Assorted Sports Articles,Skates,Twain Ac7/Ft7 Women's Roller Skates,US,Twain Inc,13198,3959,99999999,8010100151,8/6/2003,8/7/2003,1231194004,3,240100400143,2,330,82.6,660,Qtr 3
240100400147,Sports,Assorted Sports Articles,Skates,Twain Tr7 Men's Roller Skates,US,Twain Inc,13198,2618,99999999,8010100125,1/25/2004,1/30/2004,1232173841,3,240100400147,1,248.3,122.75,248.3,Qtr 1
240100400151,Sports,Assorted Sports Articles,Skates,Weston F4 Men's Hockey Skates,US,Roll-Over Inc,3815,88,121023,9260100179,3/6/2006,3/6/2006,1238637449,1,240100400151,1,419,209.45,419,Qtr 1
240200100007,Sports,Golf,Golf,Ball Bag,NL,Van Dammeren International,2995,41,120134,1600101527,8/20/2004,8/20/2004,1233545775,1,240200100007,2,49.4,11.8,98.8,Qtr 3
240200100020,Sports,Golf,Golf,Red/White/Black Staff 9 Bag,GB,GrandSlam Sporting Goods Ltd,17832,41,120134,1600101527,8/20/2004,8/20/2004,1233545775,1,240200100020,1,189.6,100.6,189.6,Qtr 3
240200100021,Sports,Golf,Golf,Tee Holder,NL,Van Dammeren International,2995,11171,99999999,2600100032,3/15/2005,3/17/2005,1235176942,3,240200100021,1,2.7,1.2,2.7,Qtr 1
240200100034,Sports,Golf,Golf,Bb Softspikes - Xp 22-pack,GB,TeeTime Ltd,15938,56,121051,9260111871,4/5/2007,4/9/2007,1241895594,1,240200100034,2,24.4,4.45,48.8,Qtr 2
240200100043,Sports,Golf,Golf,Bretagne Performance Tg Men's Golf Shoes L.,NL,Van Dammeren International,2995,11171,99999999,2600100032,5/7/2003,5/9/2003,1230690733,3,240200100043,2,282.4,69.4,564.8,Qtr 2
240200100046,Sports,Golf,Golf,"Bretagne Soft-Tech Men's Glove, left",NL,Van Dammeren International,2995,41,120131,1600101527,2/9/2007,2/9/2007,1241390440,1,240200100046,2,36.2,9.15,72.4,Qtr 1
240200100050,Sports,Golf,Golf,"Bretagne St2 Men's Golf Glove, left",NL,Van Dammeren International,2995,70165,99999999,2600100006,9/8/2005,9/18/2005,1236965430,3,240200100050,2,27,6.65,54,Qtr 3
240200100051,Sports,Golf,Golf,Bretagne Stabilites 2000 Goretex Shoes,NL,Van Dammeren International,2995,45,121045,9260104847,8/18/2003,8/18/2003,1231259703,1,240200100051,3,420.9,72,1262.7,Qtr 3
240200100052,Sports,Golf,Golf,Bretagne Stabilities Tg Men's Golf Shoes,NL,Van Dammeren International,2995,70046,99999999,2600100017,9/23/2003,9/24/2003,1231453831,3,240200100052,1,99.7,51.4,99.7,Qtr 3
240200100053,Sports,Golf,Golf,Bretagne Stabilities Women's Golf Shoes,NL,Van Dammeren International,2995,26148,99999999,2600100010,6/17/2005,6/19/2005,1236128445,2,240200100053,2,174.4,44.95,348.8,Qtr 2
240200100056,Sports,Golf,Golf,Carolina,US,Carolina Sports,3808,70221,99999999,2600100019,8/12/2005,8/14/2005,1236694462,3,240200100056,2,82.4,19.9,164.8,Qtr 3
240200100057,Sports,Golf,Golf,Carolina II,US,Carolina Sports,3808,17023,99999999,2600100021,6/13/2007,6/18/2007,1242515373,3,240200100057,4,168,20.25,672,Qtr 2
240200100073,Sports,Golf,Golf,Donald Plush Headcover,GB,TeeTime Ltd,15938,70221,99999999,2600100019,4/23/2006,4/25/2006,1239018454,3,240200100073,1,22.3,12.6,22.3,Qtr 2
240200100076,Sports,Golf,Golf,Expert Men's Firesole Driver,US,Twain Inc,13198,79,121045,9260101874,4/18/2003,4/18/2003,1230591684,1,240200100076,4,1796,246.55,7184,Qtr 2
240200100081,Sports,Golf,Golf,Extreme Distance 90 3-pack,US,Carolina Sports,3808,70165,99999999,2600100006,7/28/2007,7/29/2007,1242923327,3,240200100081,2,16.6,3.65,33.2,Qtr 3
240200100095,Sports,Golf,Golf,Grandslam Staff Fs Copper Insert Putter,GB,GrandSlam Sporting Goods Ltd,17832,70187,99999999,2600100035,6/24/2004,6/29/2004,1233167161,2,240200100095,2,237,52.55,474,Qtr 2
240200100098,Sports,Golf,Golf,Grandslam Staff Grip Llh Golf Gloves,US,Carolina Sports,3808,70210,99999999,2600100015,12/15/2004,12/16/2004,1234323012,3,240200100098,2,29.2,6.75,58.4,Qtr 4
240200100101,Sports,Golf,Golf,Grandslam Staff Tour Mhl Golf Gloves,US,Carolina Sports,3808,11171,99999999,2600100032,4/11/2004,4/13/2004,1232672914,3,240200100101,2,38.8,10.2,77.6,Qtr 2
240200100116,Sports,Golf,Golf,Hi-fly Intimidator Ti R80/10,NL,Van Dammeren International,2995,70201,99999999,2600100012,8/24/2007,8/29/2007,1243165497,3,240200100116,3,658.5,124.9,1975.5,Qtr 3
240200100118,Sports,Golf,Golf,Hi-fly Intrepid Stand 8  Black,NL,Van Dammeren International,2995,41,120131,1600101527,6/26/2005,6/26/2005,1236216065,1,240200100118,1,175.5,89.55,175.5,Qtr 2
240200100124,Sports,Golf,Golf,Hi-fly Staff Towel Blue/Black,NL,Van Dammeren International,2995,70046,99999999,2600100017,12/31/2003,1/1/2004,1232003930,3,240200100124,2,49,12.35,98,Qtr 4
240200100131,Sports,Golf,Golf,Hi-fly Tour Advance Flex Steel,NL,Van Dammeren International,2995,70046,99999999,2600100017,4/2/2003,4/3/2003,1230500669,3,240200100131,2,148.6,41.35,297.2,Qtr 2
240200100154,Sports,Golf,Golf,"Men's.m Men's Winter Gloves, Medium",NL,Van Dammeren International,2995,70187,99999999,2600100035,12/5/2003,12/10/2003,1231861295,2,240200100154,2,53.2,11.95,106.4,Qtr 4
240200100157,Sports,Golf,Golf,Normal Standard,GB,TeeTime Ltd,15938,70187,99999999,2600100035,5/16/2007,5/21/2007,1242259863,2,240200100157,2,706.2,196.15,1412.4,Qtr 2
240200100164,Sports,Golf,Golf,Precision Jack 309 Lh Balata,GB,GrandSlam Sporting Goods Ltd,17832,52,121051,9260116235,9/28/2006,9/28/2006,1240283215,1,240200100164,2,112.2,28.15,224.4,Qtr 3
240200100173,Sports,Golf,Golf,Proplay Executive Bi-Metal Graphite,NL,Van Dammeren International,2995,70100,99999999,2600100015,6/20/2007,6/24/2007,1242578860,2,240200100173,4,1937.2,247.7,7748.8,Qtr 2
240200100180,Sports,Golf,Golf,Proplay Men's Tour Force Lp 7-Wood,NL,Van Dammeren International,2995,215,120132,1600102721,12/14/2003,12/14/2003,1231908237,1,240200100180,2,243.2,62.9,486.4,Qtr 4
240200100181,Sports,Golf,Golf,Proplay Men's Tour Force Lp Driver,NL,Van Dammeren International,2995,12,121051,9260103713,3/11/2006,3/11/2006,1238678581,1,240200100181,1,109.3,56.6,109.3,Qtr 1
240200100183,Sports,Golf,Golf,Proplay Men's Tour Force Ti 5w,NL,Van Dammeren International,2995,54655,99999999,2600100013,4/3/2004,4/6/2004,1232618023,2,240200100183,1,95.7,47.95,95.7,Qtr 2
240200100207,Sports,Golf,Golf,Proplay Stand Black,NL,Van Dammeren International,2995,70201,99999999,2600100012,8/24/2007,8/29/2007,1243165497,3,240200100207,2,215.8,53.35,431.6,Qtr 3
240200100211,Sports,Golf,Golf,Proplay Women's Tour Force 7w,NL,Van Dammeren International,2995,17023,99999999,2600100021,3/25/2007,3/30/2007,1241789227,3,240200100211,1,121,60.65,121,Qtr 1
240200100221,Sports,Golf,Golf,Rosefinch Cart 8 1/2  Black,NL,Van Dammeren International,2995,92,121051,9260117676,7/8/2005,7/8/2005,1236349115,1,240200100221,4,396,49.6,1584,Qtr 3
240200100225,Sports,Golf,Golf,Rubby Men's Golf Shoes w/Goretex,ES,Rubby Zapatos S.A.,4168,70165,99999999,2600100006,9/15/2006,9/16/2006,1240173354,3,240200100225,2,306.2,77.85,612.4,Qtr 3
240200100226,Sports,Golf,Golf,Rubby Men's Golf Shoes w/Goretex Plain Toe,ES,Rubby Zapatos S.A.,4168,70201,99999999,2600100012,3/19/2004,3/24/2004,1232517885,3,240200100226,1,183.9,86.65,183.9,Qtr 1
240200100227,Sports,Golf,Golf,Rubby Women's Golf Shoes w/Gore-Tex,ES,Rubby Zapatos S.A.,4168,52,121051,9260116235,9/28/2006,9/28/2006,1240283215,1,240200100227,2,323.8,75.9,647.6,Qtr 3
240200100230,Sports,Golf,Golf,Score Counter Scoreboard De Luxe,NL,Van Dammeren International,2995,70079,99999999,2600100039,5/11/2007,5/14/2007,1242214574,3,240200100230,2,29.4,6.65,58.8,Qtr 2
240200100232,Sports,Golf,Golf,Tee18 Ascot Chipper,NL,Van Dammeren International,2995,215,120134,1600102721,8/9/2003,8/9/2003,1231206746,1,240200100232,1,28.2,14.2,28.2,Qtr 3
240200100233,Sports,Golf,Golf,Tee18 Troon 7  Black,NL,Van Dammeren International,2995,183,120134,1600100760,3/25/2003,3/25/2003,1230455630,1,240200100233,2,91.8,22.45,183.6,Qtr 1
240200100246,Sports,Golf,Golf,"White 90,Top.Flite Strata Tour 3-pack",NL,Van Dammeren International,2995,11171,99999999,2600100032,3/15/2005,3/17/2005,1235176942,3,240200100246,1,16.2,7.9,16.2,Qtr 1
240200200007,Sports,Golf,Golf Clothes,Golf Polo(1/400),US,Mike Schaeffer Inc,7511,17023,99999999,2600100021,6/20/2003,6/25/2003,1230931366,3,240200200007,2,166.8,8.35,333.6,Qtr 2
240200200011,Sports,Golf,Golf Clothes,Golf Windstopper,US,Mike Schaeffer Inc,7511,11171,99999999,2600100032,4/11/2004,4/13/2004,1232672914,3,240200200011,2,271.4,13,542.8,Qtr 2
240200200013,Sports,Golf,Golf Clothes,Master Golf Rain Suit,US,Mike Schaeffer Inc,7511,70187,99999999,2600100035,8/13/2003,8/18/2003,1231227910,2,240200200013,3,1266,42.2,3798,Qtr 3
240200200015,Sports,Golf,Golf Clothes,Tek Cap,US,Twain Inc,13198,70046,99999999,2600100017,9/23/2003,9/24/2003,1231453831,3,240200200015,1,24,10.55,24,Qtr 3
240200200020,Sports,Golf,Golf Clothes,Big Boss Houston Pants,US,Mike Schaeffer Inc,7511,70100,99999999,2600100015,3/9/2007,3/13/2007,1241645664,2,240200200020,1,150.1,14,150.1,Qtr 1
240200200024,Sports,Golf,Golf Clothes,Bogie Golf Fleece with small Zipper,US,Mike Schaeffer Inc,7511,92,121051,9260117676,7/8/2005,7/8/2005,1236349115,1,240200200024,2,250.8,12.5,501.6,Qtr 3
240200200026,Sports,Golf,Golf Clothes,Eagle 5 Pocket Pants with Stretch,US,HighPoint Trading,10225,46966,99999999,2600100011,12/21/2005,12/22/2005,1238013821,3,240200200026,3,312,41.65,936,Qtr 4
240200200035,Sports,Golf,Golf Clothes,Eagle Pants with Cross Pocket,US,HighPoint Trading,10225,70210,99999999,2600100015,12/15/2004,12/16/2004,1234323012,3,240200200035,2,196,39.3,392,Qtr 4
240200200039,Sports,Golf,Golf Clothes,Eagle Plain Cap,US,HighPoint Trading,10225,183,120134,1600100760,2/27/2003,2/27/2003,1230315085,1,240200200039,3,63.6,8.8,190.8,Qtr 1
240200200044,Sports,Golf,Golf Clothes,Eagle Polo-Shirt Interlock,US,HighPoint Trading,10225,17023,99999999,2600100021,6/22/2006,6/27/2006,1239498112,3,240200200044,2,97.8,19.6,195.6,Qtr 2
240200200060,Sports,Golf,Golf Clothes,Eagle Windstopper Knit Neck,US,HighPoint Trading,10225,70201,99999999,2600100012,8/15/2004,8/20/2004,1233514453,3,240200200060,3,553.5,73.85,1660.5,Qtr 3
240200200061,Sports,Golf,Golf Clothes,Eagle Windstopper Sweat Neck,US,HighPoint Trading,10225,17023,99999999,2600100021,6/20/2003,6/25/2003,1230931366,3,240200200061,2,261.8,52.45,523.6,Qtr 2
240200200068,Sports,Golf,Golf Clothes,Hi-fly Staff Rain Suit,NL,Van Dammeren International,2995,70221,99999999,2600100019,4/23/2006,4/25/2006,1239018454,3,240200200068,1,313.8,159.15,313.8,Qtr 2
240200200071,Sports,Golf,Golf Clothes,Hi-fly Strata Cap Offwhite/Green,NL,Van Dammeren International,2995,70108,99999999,2600100046,7/22/2005,8/2/2005,1236483576,2,240200200071,4,74.8,10,299.2,Qtr 3
240200200080,Sports,Golf,Golf Clothes,Release Golf Sweatshirt w/Logo(1/100),US,Mike Schaeffer Inc,7511,12,121051,9260103713,3/11/2006,3/11/2006,1238678581,1,240200200080,2,187.6,9.4,375.2,Qtr 1
240200200081,Sports,Golf,Golf Clothes,Top (1/100),US,Mike Schaeffer Inc,7511,54655,99999999,2600100013,8/2/2006,8/5/2006,1239823829,2,240200200081,2,214.6,10.75,429.2,Qtr 3
240200200091,Sports,Golf,Golf Clothes,Wind Proof Windstopper Merino/Acryl,US,HighPoint Trading,10225,53,120131,1600103258,1/13/2007,1/13/2007,1241147641,1,240200200091,2,362.6,72.6,725.2,Qtr 1
240300100001,Sports,Indoor Sports,Fitness,Abdomen Shaper,NL,TrimSport B.V.,16542,171,120136,1600101555,1/23/2007,1/30/2007,1241235281,1,240300100001,1,72.6,36.25,72.6,Qtr 1
240300100020,Sports,Indoor Sports,Fitness,Fitness Dumbbell Foam 0.90,NL,TrimSport B.V.,16542,19,99999999,3940106547,12/26/2003,12/30/2003,1231976710,3,240300100020,4,56.4,6.05,225.6,Qtr 4
240300100028,Sports,Indoor Sports,Fitness,Letour Heart Bike,NL,TrimSport B.V.,16542,10,121053,9260129395,11/1/2007,11/1/2007,1243797399,1,240300100028,2,1066.4,251.35,2132.8,Qtr 4
240300100032,Sports,Indoor Sports,Fitness,Letour Trimag Bike,NL,TrimSport B.V.,16542,19,99999999,3940106547,12/26/2003,12/30/2003,1231976710,3,240300100032,2,1200.2,300,2400.4,Qtr 4
240300100046,Sports,Indoor Sports,Fitness,Weight  5.0 Kg,NL,TrimSport B.V.,16542,13,99999999,3940105189,7/26/2004,7/29/2004,1233378724,2,240300100046,1,14.1,6.9,14.1,Qtr 3
240300100048,Sports,Indoor Sports,Fitness,Wrist Weight 1.10 Kg,NL,TrimSport B.V.,16542,12,121054,9260103713,6/12/2004,6/12/2004,1233092596,1,240300100048,1,15.5,6.7,15.5,Qtr 2
240300100049,Sports,Indoor Sports,Fitness,Wrist Weight  2.25 Kg,NL,TrimSport B.V.,16542,41,120136,1600101527,5/8/2007,5/8/2007,1242185055,1,240300100049,1,19.9,8.9,19.9,Qtr 2
240300200009,Sports,Indoor Sports,Gymnastic Clothing,Blues Jazz Pants Suplex,ES,Sportico,798,71,121054,9260124130,2/18/2006,2/18/2006,1238510159,1,240300200009,1,48.7,18.15,48.7,Qtr 1
240300200018,Sports,Indoor Sports,Gymnastic Clothing,Cougar Fleece Jacket with Zipper,US,SD Sporting Goods Inc,13710,5,121053,9260114570,7/16/2004,7/16/2004,1233315988,1,240300200018,1,87.2,39.7,87.2,Qtr 3
240300200058,Sports,Indoor Sports,Gymnastic Clothing,Cougar Windbreaker Vest,US,SD Sporting Goods Inc,13710,183,120136,1600100760,8/21/2005,8/21/2005,1236783056,1,240300200058,2,183.6,41.7,367.2,Qtr 3
240300300024,Sports,Indoor Sports,Top Trim,Men's Summer Shorts,US,Top Sports Inc,14648,71,121054,9260124130,2/18/2006,2/18/2006,1238510159,1,240300300024,1,54.1,23,54.1,Qtr 1
240300300065,Sports,Indoor Sports,Top Trim,Top Men's Goretex Ski Pants,US,Top Sports Inc,14648,10,121053,9260129395,11/1/2007,11/1/2007,1243797399,1,240300300065,1,321.5,146.35,321.5,Qtr 4
240300300070,Sports,Indoor Sports,Top Trim,Top Men's R&D Ultimate Jacket,US,Top Sports Inc,14648,49,121053,9260104510,9/10/2004,9/10/2004,1233689304,1,240300300070,3,1514.4,229.65,4543.2,Qtr 3
240300300071,Sports,Indoor Sports,Top Trim,Top Men's Retro T-Neck,US,Top Sports Inc,14648,5,121053,9260114570,7/16/2004,7/16/2004,1233315988,1,240300300071,1,138,60.1,138,Qtr 3
240300300090,Sports,Indoor Sports,Top Trim,Top R&D Long Jacket,US,Top Sports Inc,14648,183,120136,1600100760,8/21/2005,8/21/2005,1236783056,1,240300300090,3,1561.8,237.05,4685.4,Qtr 3
240400200003,Sports,Racket Sports,Racket Sports,Bat 5-Ply,US,Carolina Sports,3808,41,120152,1600101527,5/23/2006,5/23/2006,1239258470,1,240400200003,1,6.2,3,6.2,Qtr 2
240400200012,Sports,Racket Sports,Racket Sports,Sledgehammer 120 Ph Black,GB,GrandSlam Sporting Goods Ltd,17832,65,99999999,3940100176,8/3/2007,8/7/2007,1242977743,2,240400200012,2,351.4,75.95,702.8,Qtr 3
240400200022,Sports,Racket Sports,Racket Sports,Aftm 95 Vf Long Bg-65 White,GB,British Sports Ltd,1280,16,99999999,3940105865,4/25/2005,4/27/2005,1235591214,2,240400200022,1,93.4,38.95,93.4,Qtr 2
240400200036,Sports,Racket Sports,Racket Sports,Bag  Tit.Weekend,FR,Le Blanc S.A.,13079,16,99999999,3940105865,4/25/2005,4/27/2005,1235591214,2,240400200036,1,55.5,25.1,55.5,Qtr 2
240400200057,Sports,Racket Sports,Racket Sports,Grandslam Ultra Power Tennisketcher,GB,GrandSlam Sporting Goods Ltd,17832,36,99999999,9260128237,7/15/2003,7/17/2003,1231071449,3,240400200057,2,257,58.05,514,Qtr 3
240400200066,Sports,Racket Sports,Racket Sports,"Memhis 350,Yellow Medium, 6-pack tube",GB,British Sports Ltd,1280,36,99999999,9260128237,7/15/2003,7/17/2003,1231071449,3,240400200066,2,27.6,6.3,55.2,Qtr 3
240400200091,Sports,Racket Sports,Racket Sports,Smasher Rd Ti 70 Tennis Racket,GB,British Sports Ltd,1280,19,99999999,3940106547,2/24/2006,3/1/2006,1238553101,3,240400200091,1,217,90.4,217,Qtr 1
240400200093,Sports,Racket Sports,Racket Sports,Smasher Super Rq Ti 350 Tennis Racket,GB,British Sports Ltd,1280,183,120153,1600100760,10/17/2006,10/17/2006,1240430921,1,240400200093,1,155.8,64.95,155.8,Qtr 4
240400200094,Sports,Racket Sports,Racket Sports,Smasher Super Rq Ti 700 Long Tennis,GB,British Sports Ltd,1280,215,120160,1600102721,3/21/2005,3/21/2005,1235236723,1,240400200094,1,254.2,115.6,254.2,Qtr 1
240400200097,Sports,Racket Sports,Racket Sports,Smasher Tg 70 Tennis String Roll,GB,British Sports Ltd,1280,88,99999999,9260100179,5/25/2003,5/28/2003,1230793366,2,240400200097,3,1250.4,124.2,3751.2,Qtr 2
240400300013,Sports,Racket Sports,Tennis,Anthony Women's Tennis Cable Vest,US,Mayday Inc,4646,195,120160,1600101663,3/30/2004,3/30/2004,1232590052,1,240400300013,1,51.8,21.6,51.8,Qtr 1
240400300033,Sports,Racket Sports,Tennis,Smasher Polo-Shirt w/V-Neck,GB,British Sports Ltd,1280,183,120158,1600100760,12/27/2003,12/27/2003,1231982684,1,240400300033,3,107.1,14.35,321.3,Qtr 4
240400300035,Sports,Racket Sports,Tennis,Smasher Shorts,GB,British Sports Ltd,1280,195,120160,1600101663,3/30/2004,3/30/2004,1232590052,1,240400300035,1,19.1,7.7,19.1,Qtr 1
240400300039,Sports,Racket Sports,Tennis,Smasher Tights,GB,British Sports Ltd,1280,45,121084,9260104847,6/18/2004,6/18/2004,1233131266,1,240400300039,2,39.2,7.9,78.4,Qtr 2
240500100004,Sports,Running - Jogging,Jogging,Pants N,ES,Luna sastreria S.A.,4742,45,99999999,9260104847,3/9/2003,3/11/2003,1230371142,2,240500100004,2,127,28,254,Qtr 1
240500100015,Sports,Running - Jogging,Jogging,A-team Pants Taffeta,US,A Team Sports,3298,63,121087,9260125492,5/21/2006,5/21/2006,1239248786,1,240500100015,3,174.3,25.8,522.9,Qtr 2
240500100017,Sports,Running - Jogging,Jogging,"A-team Sweat Round Neck, Small Logo",US,A Team Sports,3298,4,99999999,9260106519,4/8/2004,4/9/2004,1232654929,3,240500100017,4,214,23.75,856,Qtr 2
240500100026,Sports,Running - Jogging,Jogging,"Men's Sweat Pants without Rib, Small Logo",US,A Team Sports,3298,23,99999999,9260126679,6/22/2005,6/27/2005,1236183578,2,240500100026,2,110.4,24.5,220.8,Qtr 2
240500100029,Sports,Running - Jogging,Jogging,Men's Sweatshirt w/Hood Big Logo,US,A Team Sports,3298,4,99999999,9260106519,4/8/2004,4/9/2004,1232654929,3,240500100029,1,58.9,26.1,58.9,Qtr 2
240500100039,Sports,Running - Jogging,Jogging,Sweatshirt Women's Sweatshirt with O-Neck,US,A Team Sports,3298,36,99999999,9260128237,4/18/2003,4/20/2003,1230591675,3,240500100039,1,34.5,15.4,34.5,Qtr 2
240500100041,Sports,Running - Jogging,Jogging,Triffy Jacket,NL,Triffy B.V.,13314,111,120164,1600102072,1/24/2007,1/24/2007,1241244297,1,240500100041,2,258.2,51.7,516.4,Qtr 1
240500100043,Sports,Running - Jogging,Jogging,Triffy Logo T-Shirt with V-Neck,NL,Triffy B.V.,13314,12,121090,9260103713,8/3/2006,8/3/2006,1239836937,1,240500100043,2,52.4,8.85,104.8,Qtr 3
240500100057,Sports,Running - Jogging,Jogging,"Woman Sweat with Round Neck, Big Logo",US,A Team Sports,3298,79,99999999,9260101874,9/27/2005,10/8/2005,1237165927,3,240500100057,2,76.8,17.1,153.6,Qtr 3
240500100062,Sports,Running - Jogging,Jogging,Ypsilon Men's Sweatshirt w/Piping,FR,Ypsilon S.A.,14624,75,121094,9260108068,6/3/2003,6/3/2003,1230841466,1,240500100062,2,109.2,23.85,218.4,Qtr 2
240500200003,Sports,Running - Jogging,Running Clothes,Men's Singlet,BE,Force Sports,5922,45,99999999,9260104847,3/9/2003,3/11/2003,1230371142,2,240500200003,1,23.2,11.1,23.2,Qtr 1
240500200007,Sports,Running - Jogging,Running Clothes,Running Gloves,BE,Force Sports,5922,23,99999999,9260126679,6/22/2005,6/27/2005,1236183578,2,240500200007,3,28.5,4.55,85.5,Qtr 2
240500200016,Sports,Running - Jogging,Running Clothes,T-Shirt,US,3Top Sports,2963,10,121092,9260129395,12/13/2007,12/13/2007,1244181114,1,240500200016,3,95.1,14.5,285.3,Qtr 4
240500200042,Sports,Running - Jogging,Running Clothes,Bike.Pants Short Biking Pants,BE,Force Sports,5922,111,120164,1600102072,1/24/2007,1/24/2007,1241244297,1,240500200042,2,81.2,19.35,162.4,Qtr 1
240500200056,Sports,Running - Jogging,Running Clothes,Breath-brief Long Underpants XXL,BE,Force Sports,5922,79,99999999,9260101874,3/24/2003,3/25/2003,1230453723,2,240500200056,1,24.1,11.55,24.1,Qtr 1
240500200073,Sports,Running - Jogging,Running Clothes,Force Classic Men's Jacket,BE,Force Sports,5922,23,99999999,9260126679,5/27/2003,6/1/2003,1230804171,2,240500200073,3,148.5,20.65,445.5,Qtr 2
240500200081,Sports,Running - Jogging,Running Clothes,Force Micro Men's Suit,BE,Force Sports,5922,27,99999999,9260105670,7/12/2007,7/17/2007,1242782701,3,240500200081,3,403.5,56.05,1210.5,Qtr 3
240500200082,Sports,Running - Jogging,Running Clothes,Force Short Sprinter Men's Tights,BE,Force Sports,5922,27,99999999,9260105670,9/5/2007,9/10/2007,1243279343,3,240500200082,2,78.4,16.45,156.8,Qtr 3
240500200083,Sports,Running - Jogging,Running Clothes,Force Technical Jacket w/Coolmax,BE,Force Sports,5922,4,99999999,9260106519,8/19/2004,8/20/2004,1233543560,3,240500200083,3,201.9,28,605.7,Qtr 3
240500200093,Sports,Running - Jogging,Running Clothes,Maxrun Running Tights,BE,Force Sports,5922,63,121087,9260125492,5/21/2006,5/21/2006,1239248786,1,240500200093,1,41.7,19.75,41.7,Qtr 2
240500200100,Sports,Running - Jogging,Running Clothes,Original Running Pants,BE,Force Sports,5922,215,120164,1600102721,8/4/2003,8/4/2003,1231176288,1,240500200100,2,45.4,10.85,90.8,Qtr 3
240500200101,Sports,Running - Jogging,Running Clothes,Polar Jacket,BE,Force Sports,5922,111,120164,1600102072,1/24/2007,1/24/2007,1241244297,1,240500200101,3,358.2,49.75,1074.6,Qtr 1
240500200121,Sports,Running - Jogging,Running Clothes,Stout Running Shorts,BE,Force Sports,5922,18,121086,9260112361,6/16/2003,6/16/2003,1230912536,1,240500200121,2,50.8,12.1,101.6,Qtr 2
240500200122,Sports,Running - Jogging,Running Clothes,Stout Running Shorts Micro,BE,Force Sports,5922,10,121092,9260129395,12/13/2007,12/13/2007,1244181114,1,240500200122,2,48.2,11.5,96.4,Qtr 4
240500200130,Sports,Running - Jogging,Running Clothes,Topline Delphi Race Shorts,BE,Force Sports,5922,75,121094,9260108068,6/3/2003,6/3/2003,1230841466,1,240500200130,2,56,11.7,112,Qtr 2
240600100010,Sports,Swim Sports,Bathing Suits,"Goggles, Assorted Colours",US,Nautlius SportsWear Inc,6153,41,120174,1600101527,1/28/2003,1/28/2003,1230147441,1,240600100010,2,32,6.5,64,Qtr 1
240600100016,Sports,Swim Sports,Bathing Suits,Swim Suit Fabulo,US,Nautlius SportsWear Inc,6153,215,120170,1600102721,8/28/2005,8/28/2005,1236852196,1,240600100016,1,55.3,21.9,55.3,Qtr 3
240600100017,Sports,Swim Sports,Bathing Suits,Swim Suit Laurel,ES,Luna sastreria S.A.,4742,4,121100,9260106519,3/9/2004,3/9/2004,1232455720,1,240600100017,1,53,23.25,53,Qtr 1
240600100080,Sports,Swim Sports,Bathing Suits,Sharky Swimming Trunks,US,Dolphin Sportswear Inc,16292,45,99999999,9260104847,1/20/2003,1/22/2003,1230106883,2,240600100080,1,28.3,8.55,28.3,Qtr 1
240600100102,Sports,Swim Sports,Bathing Suits,Sunfit Luffa Bikini,US,Nautlius SportsWear Inc,6153,24,99999999,9260115784,9/25/2007,9/28/2007,1243462945,3,240600100102,1,46.1,19.7,46.1,Qtr 3
240600100181,Sports,Swim Sports,Bathing Suits,Milan Swimming Trunks,ES,Luna sastreria S.A.,4742,215,120172,1600102721,4/12/2006,4/12/2006,1238928257,1,240600100181,1,37.4,16.3,37.4,Qtr 2
240600100185,Sports,Swim Sports,Bathing Suits,Pew Swimming Trunks,ES,Luna sastreria S.A.,4742,24,99999999,9260115784,7/11/2007,7/14/2007,1242773202,3,240600100185,2,70.2,15.6,140.4,Qtr 3
240700100001,Sports,Team Sports,American Football,Armour L,US,A Team Sports,3298,34,121105,9260111379,4/16/2004,4/16/2004,1232709115,1,240700100001,3,70.8,12.3,212.4,Qtr 2
240700100004,Sports,Team Sports,American Football,Armour XL,US,A Team Sports,3298,10,121105,9260129395,5/16/2007,5/16/2007,1242265757,1,240700100004,3,79.8,13.75,239.4,Qtr 2
240700100007,Sports,Team Sports,American Football,Football - Helmet M,US,A Team Sports,3298,89,121106,9260116551,1/25/2006,1/25/2006,1238319281,1,240700100007,1,22.85,9.3,22.85,Qtr 1
240700100011,Sports,Team Sports,American Football,Football - Helmet Pro XL,US,A Team Sports,3298,4,121109,9260106519,5/29/2004,5/29/2004,1232998740,1,240700100011,3,80.97,10.23,242.91,Qtr 2
240700100012,Sports,Team Sports,American Football,Football - Helmet S,US,A Team Sports,3298,63,121109,9260125492,4/4/2005,4/4/2005,1235384426,1,240700100012,1,21.99,9.1,21.99,Qtr 2
240700100013,Sports,Team Sports,American Football,Football - Helmet XL,US,A Team Sports,3298,17,121109,9260123306,12/29/2004,12/29/2004,1234419240,1,240700100013,5,119.95,9.75,599.75,Qtr 4
240700100017,Sports,Team Sports,American Football,Football Super Bowl,US,Carolina Sports,3808,52,121105,9260116235,6/10/2006,6/10/2006,1239408849,1,240700100017,2,53.2,11.4,106.4,Qtr 2
240700200004,Sports,Team Sports,Baseball,Baseball Orange Small,US,Top Sports Inc,14648,49,121109,9260104510,7/5/2004,7/5/2004,1233243603,1,240700200004,2,8.4,2.2,16.8,Qtr 3
240700200007,Sports,Team Sports,Baseball,Baseball White Small,US,Top Sports Inc,14648,39,121105,9260123099,4/4/2006,4/4/2006,1238870441,1,240700200007,1,5.1,2.2,5.1,Qtr 2
240700200009,Sports,Team Sports,Baseball,Bat - Home Run M,US,Miller Trading Inc,15218,45,121109,9260104847,6/27/2007,6/27/2007,1242647539,1,240700200009,2,56,11.35,112,Qtr 2
240700200010,Sports,Team Sports,Baseball,Bat - Home Run S,US,Miller Trading Inc,15218,92,121109,9260117676,12/11/2004,12/11/2004,1234301319,1,240700200010,4,105.6,10.1,422.4,Qtr 4
240700200018,Sports,Team Sports,Baseball,Helmet L,US,Miller Trading Inc,15218,89,121118,9260116551,12/15/2007,12/15/2007,1244197366,1,240700200018,4,75.2,10.3,300.8,Qtr 4
240700200019,Sports,Team Sports,Baseball,Helmet M,US,Miller Trading Inc,15218,4,99999999,9260106519,3/20/2004,3/21/2004,1232530384,3,240700200019,1,16.9,8.6,16.9,Qtr 1
240700200021,Sports,Team Sports,Baseball,Helmet XL,US,Miller Trading Inc,15218,34,121105,9260111379,8/10/2004,8/10/2004,1233482761,1,240700200021,2,38.8,10.35,77.6,Qtr 3
240700200024,Sports,Team Sports,Baseball,Bat - Large,US,Miller Trading Inc,15218,20,121109,9260118934,8/28/2003,8/28/2003,1231314893,1,240700200024,2,32,6.35,64,Qtr 3
240700300002,Sports,Team Sports,Basket Ball,Basket Ball Pro,US,HighPoint Trading,10225,5,99999999,9260114570,12/1/2003,12/3/2003,1231842118,2,240700300002,2,43.98,7.25,87.96,Qtr 4
240700400002,Sports,Team Sports,Soccer,Stephens Shirt,US,Teamsports Inc,5810,89,99999999,9260116551,8/27/2004,8/30/2004,1233597637,2,240700400002,2,67.2,14.65,134.4,Qtr 3
240700400003,Sports,Team Sports,Soccer,Red Cap,GB,SportsFan Products Ltd,6071,49,121117,9260104510,12/6/2007,12/6/2007,1244117109,1,240700400003,2,24.8,5.6,49.6,Qtr 4
240700400004,Sports,Team Sports,Soccer,Red Scarf,GB,SportsFan Products Ltd,6071,183,120179,1600100760,1/31/2005,1/31/2005,1234727966,1,240700400004,1,13.2,5.95,13.2,Qtr 1
240700400017,Sports,Team Sports,Soccer,Fga Home Shorts,US,Fga Sports Inc,14593,24,99999999,9260115784,3/6/2007,3/9/2007,1241623505,3,240700400017,1,46.9,21.95,46.9,Qtr 1
240700400020,Sports,Team Sports,Soccer,Norwood Player Shirt,US,Fga Sports Inc,14593,215,120177,1600102721,8/31/2004,8/31/2004,1233618453,1,240700400020,1,73.4,38.25,73.4,Qtr 3
240700400024,Sports,Team Sports,Soccer,Prosoccer Away Shirt,US,Fga Sports Inc,14593,23,99999999,9260126679,6/3/2003,6/8/2003,1230841456,2,240700400024,2,127.2,33.15,254.4,Qtr 2
240700400031,Sports,Team Sports,Soccer,Soccer Fan Football Player Shirt,GB,SportsFan Products Ltd,6071,45,121107,9260104847,12/5/2007,12/5/2007,1244107612,1,240700400031,2,126,31.6,252,Qtr 4
240800100026,Sports,Winter Sports,Ski Dress,Additive Women's Ski Pants Vent Air,NO,Scandinavian Clothing A/S,50,36,99999999,9260128237,1/11/2005,1/14/2005,1234534069,3,240800100026,4,525.2,58.55,2100.8,Qtr 1
240800100039,Sports,Winter Sports,Ski Dress,Garbo Fleece Jacket,US,Miller Trading Inc,15218,17,121135,9260123306,12/4/2004,12/4/2004,1234255111,1,240800100039,3,257.4,39.9,772.2,Qtr 4
240800100041,Sports,Winter Sports,Ski Dress,Helmsdale Ski Jacket,US,AllSeasons Outdoor Clothing,772,10,121136,9260129395,6/9/2005,6/9/2005,1236055696,1,240800100041,1,292.5,121.75,292.5,Qtr 2
240800100042,Sports,Winter Sports,Ski Dress,Helmsdale Ski Pants,US,AllSeasons Outdoor Clothing,772,31,121121,9260128428,12/12/2007,12/12/2007,1244171290,1,240800100042,3,760.8,105.3,2282.4,Qtr 4
240800100074,Sports,Winter Sports,Ski Dress,Mayday Soul Pro New Tech Ski Jacket,US,Mayday Inc,4646,23,99999999,9260126679,12/12/2005,12/17/2005,1237928021,2,240800100074,3,949.8,126.7,2849.4,Qtr 4
240800200002,Sports,Winter Sports,Winter Sports,Massif Bandit Ski Parcel Axial,FR,Massif S.A.,13199,45,121127,9260104847,7/6/2006,7/6/2006,1239615368,1,240800200002,1,178.88,71.55,178.88,Qtr 3
240800200008,Sports,Winter Sports,Winter Sports,"Twain X-Scream 7.9 Ski,Sq 750 Dri",US,Twain Inc,13198,36,99999999,9260128237,9/15/2003,9/17/2003,1231414059,3,240800200008,1,150.25,60.1,150.25,Qtr 3
240800200009,Sports,Winter Sports,Winter Sports,Amber Cc,CA,CrystalClear Optics Inc,16814,27,99999999,9260105670,1/28/2007,2/2/2007,1241286432,3,240800200009,2,174.4,34.9,348.8,Qtr 1
240800200010,Sports,Winter Sports,Winter Sports,Black Morphe,CA,CrystalClear Optics Inc,16814,52,121135,9260116235,10/15/2004,10/15/2004,1233920795,1,240800200010,1,120.4,48.1,120.4,Qtr 4
240800200020,Sports,Winter Sports,Winter Sports,"C.A.M.,Bone",CA,CrystalClear Optics Inc,16814,89,121140,9260116551,10/11/2006,10/11/2006,1240387741,1,240800200020,1,187.2,85.15,187.2,Qtr 4
240800200021,Sports,Winter Sports,Winter Sports,Cayenne Red,CA,CrystalClear Optics Inc,16814,24,99999999,9260115784,1/2/2007,1/5/2007,1241054779,3,240800200021,2,195.6,42.45,391.2,Qtr 1
240800200030,Sports,Winter Sports,Winter Sports,"Ii Pmt,Bone",CA,CrystalClear Optics Inc,16814,4,99999999,9260106519,3/2/2004,3/3/2004,1232410925,3,240800200030,1,47.7,18.8,47.7,Qtr 1
240800200034,Sports,Winter Sports,Winter Sports,"Regulator,Stopsign",CA,CrystalClear Optics Inc,16814,10,99999999,9260129395,11/16/2005,11/21/2005,1237670443,2,240800200034,1,74.8,34,74.8,Qtr 4
240800200035,Sports,Winter Sports,Winter Sports,Shine Black PRO,CA,CrystalClear Optics Inc,16814,89,121135,9260116551,1/3/2007,1/4/2007,1241063739,1,240800200035,6,160.8,12.15,964.8,Qtr 1
240800200037,Sports,Winter Sports,Winter Sports,Coolman Pro 01 Neon Yellow,US,Twain Inc,13198,23,99999999,9260126679,12/12/2005,12/17/2005,1237928021,2,240800200037,3,164.4,23.75,493.2,Qtr 4
240800200062,Sports,Winter Sports,Winter Sports,Top Equipe 07 Green,US,Twain Inc,13198,23,99999999,9260126679,3/3/2003,3/8/2003,1230338566,2,240800200062,1,35.4,16.15,35.4,Qtr 1
240800200063,Sports,Winter Sports,Winter Sports,Top Equipe 99 Black,US,Twain Inc,13198,23,99999999,9260126679,3/3/2003,3/8/2003,1230338566,2,240800200063,2,73.8,16.85,147.6,Qtr 1
